3306 5102
241 543 281 604 16
674 540 719 604 H.
754 540 797 604 W.
823 540 942 623 Haley.

237 727 381 802 Cryptam
402 725 631 800 Neapolitanam
646 725 754 784 factam
768 725 799 783 in
819 727 985 803 Campania
998 727 1095 786 fuisse.
1138 728 1243 803 Itaque
1266 746 1304 787 ne
1325 728 1390 803 quis

238 832 324 899 putet
344 823 402 881 hoc
421 823 616 898 fragmentum
629 832 747 881 nostrae
762 824 926 883 sententiae
940 841 1114 901 repugnare,
1129 823 1331 900 quaerendum
1346 836 1390 884 est

237 938 298 995 quo
313 930 449 995 tempore
463 921 576 995 Crypta
596 920 795 994 Neapolitana
815 921 894 980 fossa
914 921 960 979 sit.
1003 922 1070 996 Qua
1084 920 1122 980 de
1138 940 1168 980 re
1183 921 1255 980 nihil
1276 932 1390 980 certum

237 1016 362 1076 traditur
389 1017 445 1075 nisi
472 1017 623 1076 Strabonis
651 1017 851 1078 testimonium
883 1017 929 1097 (p.
960 1021 1055 1095 245):
1089 1021 1138 1077 τοῦ
1169 1021 1315 1096 Κοκκηίου
1339 1021 1390 1080 ,τοῦ

236 1115 405 1191 ποιήσαντος
419 1114 471 1190 τὴν
485 1112 604 1192 διώρυγα
619 1110 739 1192 ἐκείνηνι
752 1138 783 1174 τε
797 1115 841 1173 καὶ
856 1115 902 1174 ἐπὶ
917 1115 995 1175 Νέαν
1007 1113 1092 1175 πόλιν
1106 1117 1136 1173 ἐκ
1151 1117 1330 1194 Δικαιαρχίας
1345 1115 1390 1176 ε’πὶ

236 1214 297 1273 ταῖς
311 1212 413 1273 Baloie.
458 1210 516 1270 Sed
532 1211 565 1269 L.
584 1210 730 1270 Cocceius
749 1211 918 1271 cuniculum
939 1213 1041 1273 Cumis
1064 1212 1133 1271 fecit
1147 1213 1264 1270 circiter
1277 1213 1390 1273 A.U.C.

241 1326 296 1385 717
307 1305 336 1382 3²
350 1308 436 1384 igitur
450 1308 474 1366 si
489 1309 601 1383 Crypta
616 1309 814 1384 Neapolitana
830 1309 939 1368 eodem
959 1309 1020 1368 fere
1041 1317 1175 1385 tempore
1197 1309 1276 1368 facta
1290 1318 1343 1382 est,
1357 1319 1390 1368 ut

238 1405 395 1464 Belochius
424 1405 561 1477 coniecit,
586 1405 665 1463 nulla
678 1399 821 1481 ¹profecto
842 1425 931 1464 causa
955 1417 1000 1464 est
1020 1424 1072 1463 cur
1092 1405 1164 1464 illud
1193 1407 1390 1482 fragmentum

236 1503 324 1562 nobis
339 1512 517 1578 opponatur.

278 1598 429 1658 Deindee
457 1599 530 1658 locis
554 1616 629 1674 quos
657 1599 797 1659 Studems
819 1599 958 1675 protulit³
984 1619 1059 1659 unus
1081 1611 1184 1658 contra
1213 1619 1268 1660 nos
1291 1601 1388 1683 facere

236 1698 361 1756 videtur.
405 1695 500 1754 Pedes
515 1696 594 1754 enim
608 1697 797 1755 convivarum
810 1697 1037 1757 Trimalchionis
1054 1716 1071 1755 a
1085 1698 1183 1773 pueris
1206 1699 1391 1773 ungebantur

239 1794 279 1875 (c.
297 1793 373 1872 7o);
404 1792 523 1869 quode
547 1812 629 1852 more
652 1793 760 1853 Plinius
779 1794 875 1872 (Hist.
897 1796 967 1853 Nat.
992 1796 1080 1853 XIII.
1098 1795 1150 1871 22)
1170 1795 1245 1853 haec
1270 1795 1388 1855 scribit:

237 1892 391 1951 ‘VidImus
407 1891 495 1949 etiam
510 1891 631 1967 vestigia
651 1890 763 1967 pedum
778 1891 879 1966 tingui,
894 1890 976 1967 quod
991 1902 1167 1951 monstrasse
1179 1893 1221 1950 M.
1238 1892 1390 1952 Othonem

237 1989 351 2048 Neroni
365 1989 492 2064 principi
507 1988 658 2048 ferebant.¹
702 1989 800 2063 Quem
815 1989 913 2048 locum
928 1989 1049 2064 protulit
1063 1988 1203 2049 Studems
1214 2008 1274 2064 quo
1289 1991 1390 2049 Petro-

236 2087 319 2144 nium
341 2087 468 2145 Neronis
491 2086 674 2161 temporibus
693 2086 799 2144 vixisse
820 2087 968 2162 probaret.
1011 2085 1069 2145 Sed
1090 2103 1270 2162 quamquam
1288 2088 1389 2146 Petro-

236 2185 301 2243 nius
316 2194 386 2242 tunc
400 2183 505 2242 virisse
520 2202 538 2240 a
552 2184 698 2259 plerisque
718 2182 855 2256 creditur,
871 2194 971 2242 tamen
986 2185 1068 2242 locus
1083 2185 1130 2243 ille
1152 2185 1304 2244 satirarum
1318 2184 1392 2242 nihil

236 2281 295 2341 tale
310 2281 430 2340 indicat.
473 2281 593 2356 Scripsit
608 2282 687 2340 enim
702 2283 875 2341 Petronius:
892 2281 1006 2341 ‘Pudet
1020 2283 1127 2341 referre
1141 2300 1218 2357 quae
1232 2291 1389 2341 secuntur:

236 2381 373 2438 inaudito
390 2379 467 2436 enim
484 2398 563 2437 more
577 2379 661 2454 pueri
676 2379 805 2455 capillati
826 2380 985 2438 attulerunt
998 2389 1180 2455 unguentum
1201 2379 1231 2437 in
1252 2357 1391 2455 argentea

237 2477 321 2552 pelve
343 2476 496 2552 pedesque
521 2476 757 2535 recumbentium
783 2479 948 2536 unxemnt.'
992 2478 1037 2534 Ex
1061 2495 1121 2553 quo
1145 2475 1270 2551 adparet
1297 2477 1390 2551 pedes

237 2593 367 2650 unguere
382 2583 452 2632 tunc
468 2574 574 2632 mirum
588 2583 618 2632 et
632 2573 802 2633 inusitatum
823 2574 920 2632 fuisse.
963 2576 1069 2649 Itaque
1083 2593 1144 2632 non
1158 2583 1202 2632 est
1216 2573 1298 2649 quod
1313 2574 1391 2631 hunc

237 2673 336 2730 locum
350 2670 389 2729 ad
405 2671 532 2729 Neronis
547 2681 683 2747 tempora
697 2681 832 2747 spectare
848 2682 944 2747 putes.

279 2770 332 2828 Est
347 2778 446 2827 autem
461 2769 567 2826 mIrum
581 2768 735 2844 quoddam
754 2769 950 2845 fragmentum
969 2768 1100 2848 (XVIII.
1119 2769 1247 2844 Buech.)
1263 2791 1269 2827 :
1294 2769 1392 2827 ‘Affer

237 2867 331 2939 nobis,
360 2866 465 2941 inquit,
490 2865 668 2924 alabastrum
696 2866 867 2925 Cosmiani.'
922 2865 981 2926 Sed
1017 2867 1153 2938 Cosmus,
1181 2867 1391 2942 unguentarius

236 2964 415 3034 notissimus,
431 2963 574 3022 Martialis
589 2974 620 3022 et
634 2964 780 3023 Iuvenalis
794 2965 977 3039 temporibus
990 2961 1083 3022 vixit!
1124 2965 1228 3039 Itaque
1243 2964 1301 3022 hoc
1316 2965 1391 3039 frag·

237 3071 370 3120 mentum
385 3079 447 3120 non
462 3060 557 3119 solum
571 3070 688 3119 nostrae
703 3061 837 3136 opinioni
852 3061 1010 3120 sedetiam
1029 3061 1189 3120 Burmanni
1204 3071 1234 3119 et
1248 3055 1340 3119 B'ecki
1361 3069 1392 3120 et

237 3156 410 3218 Buecheleri
440 3157 591 3216 sententiis
611 3156 790 3217 adversatur.
832 3159 892 3218 Sed
912 3177 930 3216 a
952 3160 1081 3230 Perotto,
1096 3158 1266 3216 recentioris
1287 3157 1392 3216 aetatis

237 3254 400 3330 scriptore,⁵
426 3254 569 3329 traditur;
594 3265 694 3331 atque,
719 3256 750 3316 id
767 3255 849 3331 quod
874 3256 1071 3315 Buechelerus
1091 3256 1240 3330 praeclare
1266 3254 1391 3315 demon·

236 3349 356 3425 stravit,⁶
371 3353 430 3410 iam
445 3352 515 3413 inde
529 3371 548 3410 a
568 3353 696 3429 septImo
717 3363 785 3428 post
807 3353 957 3413 Christum
978 3353 1097 3412 saeculo
1118 3371 1207 3410 nemo
1228 3353 1391 3428 pleniorem

236 3468 326 3526 quam
340 3468 395 3509 nos
412 3450 582 3509 Petronium
596 3451 627 3508 in
642 3451 776 3510 manibus
797 3450 909 3509 habuit.
952 3452 1057 3526 Itaque
1079 3468 1174 3526 paene
1194 3437 1313 3509 constat
1333 3449 1392 3508 hoc

277 3604 340 3657 ¹Sc.
359 3608 407 3666 τὴν
425 3608 463 3655 ἐπὶ
482 3605 557 3672 Κύμῃ.
592 3605 630 3656 Cf.
649 3605 750 3655 Beloch.
773 3606 961 3671 ‘CampanIen,’
979 3622 1004 3671 p.
1019 3619 1073 3670 131.
1108 3606 1159 3656 Hic
1175 3606 1245 3655 locus
1263 3605 1393 3656 Strabonis

235 3697 365 3755 suspectus
377 3696 415 3738 est
429 3689 474 3751 (cf.
486 3688 614 3738 Duebner.
626 3688 654 3737 in
665 3689 705 3738 ed.
716 3688 805 3738 Didot.
813 3688 950 3748 Strabonis,
961 3704 986 3754 p.
998 3689 1071 3754 973).
1095 3688 1229 3738 Belochius
1240 3695 1392 3737 tamencum

235 3772 346 3821 vindicat
361 3771 382 3836 (⁸
391 3772 486 3835 Camp’
502 3787 528 3836 p.
539 3769 594 3835 84).

276 3853 367 3905 ²Cass.
386 3854 437 3903 Dio
456 3853 579 3904 XLVIII.
597 3865 641 3921 503
663 3852 695 3904 cf.
712 3853 793 3905 Strab.
810 3870 835 3919 p.
854 3865 910 3920 245.
952 3854 992 3903 De
1010 3854 1040 3904 L.
1057 3853 1165 3904 Cocceio
1183 3853 1214 3902 cf.
1228 3853 1256 3902 C.
1272 3853 1293 3901 1.
1313 3852 1343 3902 L.
1358 3852 1391 3902 X.

238 3937 407 4003 1⁶1453707·

275 4018 287 4053 ⁸
299 4021 364 4070 Mus.
380 4020 462 4070 Rhen.
476 4035 533 4070 nov.
546 4018 581 4068 II.
593 4035 618 4084 p.
631 4032 686 4068 222.
1318 4037 1325 4050 ·

275 4100 286 4136 ⁴
299 4104 373 4152 Mart.
386 4104 408 4152 I.
424 4103 463 4168 87,
478 4116 506 4163 23
527 4103 575 4151 III.
589 4101 629 4161 82,
643 4101 718 4167 25-63
739 4101 787 4152 XI.
799 4101 822 4162 8,
834 4115 864 4164 9;
883 4102 945 4152 XII.
958 4101 997 4168 65,
1008 4114 1070 4167 4-53
1090 4102 1160 4150 XIV.
1173 4112 1219 4167 593
1241 4113 1295 4160 110,
1307 4107 1332 4150 et
1344 4101 1386 4160 al.;

235 4185 288 4235 Iuv.
302 4186 352 4236 Sat.
366 4186 439 4234 VIII.
453 4185 486 4235 86
498 4192 523 4235 et
536 4184 620 4234 Schol.

275 4266 287 4300 ⁶
298 4269 398 4317 ‘Cornu
411 4269 514 4332 copiae¹
527 4267 627 4316 Nicolai
640 4267 734 4316 Perotti
747 4267 842 4316 editum
855 4274 892 4316 est
903 4267 1001 4317 circiter
1012 4267 1080 4316 Ab.
1094 4278 1164 4334 1513.

276 4348 288 4382 ⁸
301 4350 381 4399 Praef.
394 4351 426 4399 ad
439 4351 478 4398 ed.
491 4349 576 4398 maior.
590 4365 613 4414 p.
626 4349 674 4398 Xl.
