3306 5102
630 597 676 662 H.
710 597 754 662 W.
778 597 895 680 Haley.

323 874 477 925 Οςοανίααος
486 873 794 939 ‘'Augustusl‘appellatus
807 879 845 923 est
986 873 1081 924 A.U.C.
1106 883 1162 939 727.

325 958 387 1006 Hor.
400 957 482 1006 Cann.
495 957 545 1005 III.
562 969 582 1015 1,
597 968 607 1005 1
622 956 740 1021 scriptum
752 962 790 1005 est
802 956 900 1006 circiter
911 955 954 1021 (i)
991 961 1007 984 “
1027 960 1042 984 “
1058 961 1073 984 “
1107 955 1194 1020 726-8.

324 1040 422 1089 Falern.
434 1039 517 1104 Opim.
530 1046 631 1088 centum
642 1054 765 1088 annorum
776 1045 830 1088 erat
991 1043 1006 1066 ‘⁴
1026 1043 1042 1066 “
1061 1043 1076 1066 “
1109 1050 1162 1102 733.

322 1119 447 1185 Vergilius
458 1129 570 1171 mortuus
581 1128 619 1171 est
992 1125 1007 1149 ‘⁴
1028 1125 1042 1150 ‘⁸
1062 1125 1077 1148 ‘⁸
1110 1132 1164 1188 735.

577 1238 717 1288 TEMPUS
741 1238 958 1289 SATURARUM

324 1355 422 1405 Sextilis
433 1357 588 1419 ‘Augustus'
601 1355 683 1404 dictus
694 1361 732 1404 est
986 1355 1083 1405 A.U.C.
1108 1354 1162 1419 746.

323 1440 451 1502 Augustus
462 1442 550 1503 ‘pater
559 1437 671 1503 patriae’
685 1437 737 1486 iure
749 1443 853 1487 vocatus
865 1444 902 1486 est
991 1441 1007 1465 “
1028 1441 1043 1464 “
1059 1442 1074 1464 “
1108 1449 1162 1502 752.

323 1523 450 1584 Augustus
461 1527 574 1570 mortuus
585 1526 622 1569 est
993 1524 1008 1547 ‘⁸
1030 1524 1045 1545 ‘⁴
1059 1524 1074 1547 ‘⁸
1107 1519 1162 1585 767.

233 1685 279 1743 Ea
296 1695 397 1743 autem
411 1702 487 1759 quae
504 1685 543 1743 ab
558 1684 705 1760 Encolpio
719 1695 873 1743 narrantur
886 1702 947 1743 non
961 1685 1085 1743 multum
1100 1684 1176 1743 inter
1189 1702 1221 1744 se
1235 1683 1345 1744 distant

192 1791 348 1857 tempore3
369 1781 450 1857 quod
466 1799 503 1840 ex
516 1781 730 1856 consequentia
744 1800 842 1840 rerum
856 1781 926 1840 licet
940 1781 1162 1841 concludamus.
1194 1782 1299 1857 Itaque
1315 1792 1345 1840 et

192 1897 268 1938 cena
280 1878 506 1938 Trimalchionis
523 1889 554 1938 et
570 1879 683 1955 reliqua
698 1897 766 1956 pars
784 1889 946 1938 saturarum
960 1897 1036 1955 quae
1056 1877 1146 1938 hodie
1163 1887 1259 1938 exstat
1277 1889 1345 1955 post

193 1987 321 2035 mortem
337 1977 448 2052 Vergili
471 1975 599 2055 (A.U.C.
624 1975 696 2054 735)
722 1975 776 2035 sed
797 1987 865 2034 ante
887 1975 965 2036 Galli
985 1985 1017 2035 et
1037 1976 1192 2035 Censorini
1210 1976 1344 2036 consula-

193 2082 256 2132 tum
282 2071 374 2152 (746)
402 2084 487 2133 actae
512 2092 576 2133 esse
596 2073 742 2133 videntur.
795 2074 931 2133 Fortasse
951 2073 1039 2150 igitur
1059 2072 1139 2132 haud
1159 2073 1200 2132 ita
1221 2074 1345 2133 multum

193 2189 272 2230 erres
297 2171 321 2230 si
346 2171 525 2246 Encolpium
549 2171 666 2230 circiter
689 2171 801 2232 A.U.C.
829 2189 886 2247 740
912 2171 942 2229 in
967 2171 1131 2246 Campania
1159 2180 1189 2230 et
1213 2171 1345 2230 Crotone

193 2268 281 2327 fuisse
295 2277 392 2345 putes.
433 2269 481 2328 Sic
496 2269 585 2340 enim,
600 2268 655 2327 nisi
670 2268 804 2340 fallimur,
817 2267 910 2326 voluit
925 2269 1088 2326 Petronius.

234 2437 304 2494 Hac
317 2444 417 2494 nostra
431 2435 577 2494 sententia
595 2435 737 2510 exposita,
752 2434 863 2494 deinde
885 2435 1039 2494 tractanda
1060 2444 1127 2494 sunt
1148 2437 1251 2495 omnia·
1268 2451 1348 2512 quae

192 2543 297 2592 contra
318 2551 384 2592 eam
413 2532 510 2591 iacere
533 2532 696 2592 videantur.
739 2532 838 2608 Quare
862 2551 985 2592 necesse
1009 2542 1056 2592 est
1078 2531 1139 2592 duo
1164 2543 1344 2609 argumenta,

192 2649 269 2706 quae
281 2629 478 2689 Buechelerus
489 2629 611 2705 protulit
624 2639 656 2689 ut
670 2630 847 2688 sententiam
861 2648 944 2688 suam
959 2630 1106 2705 probaret,
1118 2640 1344 2706 perscrutemur.

194 2728 328 2804 Quorum
343 2727 467 2786 alterum
481 2727 609 2803 pertinet
622 2726 661 2786 ad
676 2726 804 2786 fabulam
825 2743 914 2802 quam
934 2727 1115 2787 Trimalchio
1129 2727 1169 2787 de
1184 2728 1266 2788 fabro
1279 2729 1346 2787 vitri

192 2825 310 2885 ductilis
324 2836 422 2883 narrat
440 2824 483 2904 (c.
499 2824 568 2903 51),
582 2825 706 2884 alterum
721 2823 760 2883 ad
775 2841 943 2900 cognomen
962 2825 1197 2885 Trimalchionis.
1240 2827 1345 2901 Itaque

193 2923 281 2999 prius,
296 2932 329 2981 ut
342 2921 469 2995 videtur,
483 2921 522 2982 de
537 2921 636 2981 sabula
650 2920 861 2997 disputandum
876 2931 930 2981 est.
973 2922 1056 2997 Quae
1071 2932 1102 2981 et
1115 2923 1153 2981 ab
1170 2923 1233 2982 aliis
1254 2923 1344 2999 scrip·

193 3020 305 3080 toribus
324 3029 457 3079 narratur
466 3040 475 3094 ;
497 3019 535 3080 cs.
551 3019 625 3079 Plin.
641 3020 721 3078 Hist.
737 3020 807 3079 Nat.
821 3021 958 3079 XXXVI.
979 3038 1053 3097 195:
1077 3021 1205 3079 ‘Ferunt
1224 3021 1345 3080 Tiberio

193 3118 327 3194 principe
349 3118 517 3194 excogitato
537 3117 604 3175 vitri
625 3127 872 3192 temperamento,
894 3126 927 3175 ut
948 3116 1044 3176 flexile
1065 3127 1151 3187 esset,
1167 3127 1261 3177 totam
1281 3117 1344 3177 offi-

193 3216 291 3275 cinam
316 3215 435 3274 artificis
460 3216 522 3274 eius
546 3215 687 3274 abolitam
707 3233 746 3273 ne
767 3215 842 3274 aeris
870 3215 983 3291 argenti
1010 3215 1073 3273 auri
1101 3215 1224 3274 metallis
1251 3216 1347 3292 pretia

194 3312 426 3386 detraherentur,
456 3330 549 3388 eaque
576 3313 655 3370 fama
683 3312 813 3371 crebrior
840 3310 893 3371 diu
921 3330 1010 3388 quam
1037 3312 1145 3370 certior
1175 3313 1247 3372 fuit!
1303 3312 1345 3374 Si·

193 3409 274 3469 milia
295 3411 384 3469 refert
401 3409 518 3469 Cassius
541 3411 601 3471 Dio
620 3410 730 3486 (LVII.
754 3408 806 3484 21)
813 3454 822 3483 ,
836 3409 887 3485 qui
908 3419 939 3468 et
958 3409 1028 3468 alias
1047 3428 1138 3486 nugas
1157 3409 1344 3487 praeposuit:

194 3510 265 3567 κατὰ
278 3506 307 3566 δὲ
321 3509 371 3568 τὸν
383 3507 484 3587 χρόνον
497 3509 596 3567 τοῦτον
610 3507 739 3585 (A.U.C.
757 3503 829 3584 776)
849 3505 894 3566 καὶ
914 3508 987 3566 στοὰ
1006 3507 1127 3586 μεγίστη
1148 3509 1178 3568 ἒν
1191 3509 1229 3587 τῇ
1240 3505 1344 3587 Ῥώμῃ,

193 3602 287 3681 iacchi)
307 3605 481 3682 ἑτιροκλινὴς
503 3602 619 3682 ίγένετο,
635 3602 797 3679 θανμιστόν
817 3601 851 3680 δή
871 3626 933 3664 τινα
952 3602 1057 3681 τρόπον
1074 3601 1198 3682 ὥρθώθγ
1240 3604 1348 3683 ἀρχιτέ-

194 3725 267 3761 κτων
280 3701 335 3780 γάρ
346 3723 397 3772 τις,
409 3695 441 3759 οὗ
451 3701 485 3760 τὸ
497 3699 584 3775 ὄνομα
596 3698 683 3763 οὐδεὶς
697 3698 760 3772 οἶδε,
775 3702 814 3780 τῇ
826 3702 881 3780 γὰρ
896 3699 1095 3778 θαυματοποιίᾳ
1105 3702 1190 3759 αὐτοῦ
1201 3700 1346 3777 φθονήσας

193 3797 354 3876 ὅΤιβίριος
368 3799 417 3857 οὒκ
432 3796 581 3876 ἐπέτρεψεν
599 3798 668 3858 αὐτὸ
689 3799 717 3861 ἒς
738 3798 775 3857 rh
794 3796 977 3873 ὑπομνήματα
996 3798 1179 3876 ὶγγροφῆναι,
1194 3794 1274 3861 οὗτος
1288 3795 1345 3870 οὖν,

193 3894 274 3958 ὅστις
294 3895 363 3954 ποτὶ
380 3889 542 3970 ὠνομάζετο,
558 3895 621 3957 roris
641 3917 673 3954 πε
693 3894 836 3969 θεμελίους
856 3896 940 3970 αὐτῆς
960 3891 1041 3969 πέριξ
1061 3897 1194 3970 κρατίνας
1216 3892 1288 3953 ὥστε
1306 3894 1346 3973 μὴ

194 3990 401 4071 σνγκινηθῆναι,
416 3991 461 4049 καὶ
475 3992 509 4051 πὸ
522 3993 622 4052 λοιπὸν
635 3998 691 4052 πᾶν
703 3989 799 4053 πόκας
813 4013 844 4050 τε
859 3991 903 4049 καὶ
917 3991 1034 4066 ἱματίοις
1050 3989 1154 4069 παχέσι
1174 3990 1345 4070 περιλαβών,

195 4089 316 4168 σχοίνοις
337 4112 369 4149 τε
387 4087 560 4168 πανταχόθεν
573 4090 659 4166 οίπλν
672 4087 789 4167 hiique,
805 4088 850 4146 καὶ
865 4090 893 4150 is
907 4089 958 4165 τὴν
971 4089 1087 4167 ἅρχαίαν
1101 4086 1181 4166 ἕδραν
1194 4088 1346 4167 ἀνθρώποις

194 4210 226 4245 τε
238 4190 358 4250 πολλοῖς
372 4187 417 4246 καὶ
430 4187 629 4268 μηχανήμασιν
643 4188 783 4263 ὠσάμενος
798 4186 964 4266 ἐπανήγαγε.
1005 4184 1070 4245 τότε
1089 4186 1141 4262 μὲν
1160 4183 1209 4247 οὖν
1228 4188 1245 4246 ὃ
1265 4186 1348 4263 Τιβέ-

194 4307 253 4362 ριος
272 4284 317 4344 καὶ
338 4284 493 4360 ἐθαύμασεν
512 4286 596 4345 αὐτὸν
615 4284 659 4344 καὶ
680 4285 881 4362 ἕζηλοτθπησε,
897 4283 942 4342 καὶ
963 4280 1007 4342 lul
1026 4283 1078 4358 μὲν
1098 4285 1185 4344 ἒκεῖνο
1204 4284 1347 4364 χρήμασιν

195 4382 320 4458 ἐτίμησε,
336 4380 381 4441 διὰ
394 4379 423 4440 δὲ
436 4383 520 4441 τοῦτο
534 4382 565 4439 ἐκ
578 4382 628 4457 τῆς
641 4378 750 4443 πόλεως
766 4377 896 4455 ἕθήλασε.
937 4381 1009 4455 μετὰ
1028 4377 1057 4438 δὲ
1078 4382 1164 4439 ταῦτα
1177 4381 1348 4458 προσελθόν·
