3306 5102
645 579 855 659 Quaestiones
875 579 1102 644 Petrom'anae.
1402 591 1445 660 37

285 764 422 826 coloniae
437 763 522 825 dedit
530 761 559 840 3¹
572 773 672 842 atque,
680 773 714 824 ut
726 762 853 838 videtur,
862 763 967 825 ambae
977 763 1113 824 coloniae
1126 763 1158 824 in
1168 779 1257 824 unam
1267 762 1444 823 coniunctae

287 871 365 937 sunt,
378 879 456 939 quae
466 861 601 922 ‘colonia
614 861 740 922 Claudia
754 860 936 922 Neronensis
951 861 1126 920 Puteolana'
1137 870 1243 920 vocata
1257 869 1311 920 est.
1354 863 1444 920 Hanc

285 977 351 1019 rem
370 959 483 1037 optime
502 959 640 1036 exposuit
660 955 882 1036 Nipperdeius‚²
895 976 986 1035 quem
1005 955 1244 1033 Marquardtius³
1257 967 1375 1018 secutus
1389 968 1443 1018 est

287 1055 348 1118 Sed
370 1075 470 1131 nemo,
490 1056 573 1133 quod
594 1056 697 1130 sciam,
717 1055 870 1133 perspexit
891 1055 995 1132 quanti
1019 1055 1163 1115 momenti
1184 1055 1259 1114 haec
1282 1065 1381 1115 essent
1404 1055 1444 1116 ad

285 1155 376 1216 verba
390 1154 510 1214 Petroni
523 1153 708 1231 explicanda.
749 1155 829 1214 Nam
843 1153 899 1214 nisi
918 1153 1043 1214 fallimur
1060 1170 1151 1229 parva
1164 1151 1213 1212 illa
1231 1153 1349 1212 colonia
1366 1171 1444 1229 quae

286 1251 417 1312 Puteolis
452 1261 515 1311 erat
548 1251 614 1329 ipsa
647 1259 693 1311 est
719 1269 797 1328 quae
823 1269 843 1310 a
869 1250 1009 1311 Petronio
1037 1261 1296 1310 commemoratur.
1338 1252 1445 1327 Itaque

285 1349 377 1410 verba
397 1349 463 1409 illa:
489 1349 595 1410 ‘Haec
619 1348 738 1408 colonia
757 1358 936 1408 retroversus
956 1349 1063 1408 crescit
1083 1358 1224 1424 tanquam
1245 1347 1324 1408 ooda
1344 1349 1444 1408 vituli'

288 1447 418 1508 Puteolis
434 1464 524 1522 quam
540 1445 669 1506 maxime
683 1446 883 1520 conveniunt3
904 1465 974 1506 nam
988 1445 1135 1506 coloniam
1155 1446 1347 1506 Puteolanam
1361 1446 1444 1524 paul·

287 1544 369 1605 latim
389 1543 534 1604 defecisse
547 1545 594 1604 vel
614 1562 652 1604 eo
668 1544 783 1620 optime
796 1544 938 1620 probatur
957 1542 1040 1620 quod
1055 1546 1204 1620 Augustus
1223 1561 1290 1603 eam
1308 1544 1444 1604 restituit.

287 1641 407 1702 Deinde
427 1640 510 1719 quod
530 1643 562 1700 in
580 1641 764 1702 sermonibus
782 1641 973 1701 convivarum
987 1645 995 1673 ‘
1004 1658 1101 1717 paene
1114 1641 1195 1700 nulla
1212 1641 1247 1700 fit
1261 1651 1446 1702 mercaturae

287 1757 323 1798 ac
342 1757 440 1798 rerum
459 1739 642 1797 nanticamm
662 1738 792 1798 mentio'
808 1738 894 1797 simili
911 1737 1003 1798 modo
1020 1737 1159 1798 facillime
1178 1738 1319 1815 explicari
1335 1748 1444 1814 potest.

287 1837 368 1896 Nam
382 1853 458 1896 cena
470 1835 696 1895 Trimalchionis
709 1835 741 1894 in
754 1835 873 1894 colonia
885 1836 998 1912 agitur3
1019 1834 1074 1895 sed
1093 1836 1156 1895 sine
1171 1834 1264 1896 dubio
1278 1836 1445 1913 emporium

288 1933 483 1993 Puteolanum
502 1933 534 1992 in
553 1943 654 1992 vetere
678 1932 802 2010 oppido,
816 1932 898 2008 quod
922 1932 994 1992 olim
1018 1942 1120 2009 portus
1144 1932 1306 1992 Cumarum
1330 1930 1446 2006 fuerat,⁴

288 2031 377 2090 situm
391 2040 462 2089 erat.
505 2031 610 2106 Itaque
628 2048 690 2090 non
707 2031 814 2090 mirum
831 2039 878 2090 est
897 2030 923 2090 si
943 2030 1078 2090 homines
1099 2031 1244 2104 coloniae,
1258 2031 1309 2106 qui
1329 2030 1445 2106 longius

288 2127 394 2187 amari
407 2125 598 2188 habitabant⁶
612 2136 643 2187 et
660 2128 782 2188 sortasse
797 2127 923 2204 emporii
937 2136 1116 2188 mercatores
1135 2126 1349 2204 despiciebant,
1364 2127 1445 2187 haud

288 2223 330 2285 ita
350 2225 475 2285 multum
496 2223 637 2285 dicebant
657 2223 696 2284 de
717 2235 882 2285 mercatura
904 2234 935 2284 et
958 2225 1046 2284 rebus
1067 2225 1229 2285 maritimis.
1270 2225 1325 2284 Est
1345 2234 1445 2284 tamen

287 2323 370 2383 locus
384 2341 477 2383 cenae
490 2323 717 2384 Trimalchionis
730 2322 781 2399 qui
795 2322 835 2382 ad
848 2341 895 2382 res
907 2322 1040 2382 nauticas
1053 2322 1182 2398 pertinet
1200 2322 1244 2402 (c.
1264 2321 1330 2399 7⁶)·

328 2420 448 2480 Deinde
468 2420 631 2496 Encolpius
651 2420 726 2480 haec
747 2420 820 2480 dicit
839 2422 882 2497 (e.
904 2419 958 2498 81)
975 2441 982 2480 ι
1004 2419 1121 2496 ‘Effugi
1143 2417 1295 2494 iudicium,
1317 2420 1445 2480 harenae

287 2517 425 2594 imposui,
442 2518 591 2595 hospitem
611 2518 719 2591 occidi,
733 2527 766 2578 ut
786 2518 863 2578 inter
879 2515 957 2597 [tot]
975 2517 1117 2578 andaciae
1138 2518 1259 2577 nomina
1280 2517 1445 2591 mendicus,

288 2614 365 2688 exul,
389 2616 421 2674 in
448 2615 617 2675 deversorio
645 2617 778 2676 Graecae
806 2615 886 2675 urbis
910 2615 1039 2675 iacerem
1063 2614 1236 2675 desertusi'
1277 2615 1336 2676 Sed
1363 2614 1445 2675 idem

289 2711 451 2788 Encolpius
470 2713 559 2787 paulo
572 2721 660 2771 antea
676 2712 808 2772 dixerat:
830 2713 916 2772 ‘Nec
934 2712 987 2772 diu
1003 2721 1104 2772 tamen
1117 2712 1245 2772 lacrimis
1259 2712 1376 2785 indulsi,
1391 2711 1446 2772 sed

287 2807 396 2868 veritus
410 2826 448 2867 ne
463 2807 617 2868 Menelaus
631 2809 721 2868 etiam
737 2809 966 2868 antescholanus
983 2809 1060 2869 inter
1074 2820 1173 2870 cetera
1193 2810 1270 2868 mala
1286 2809 1381 2868 solum
1395 2827 1445 2869 me

287 2905 319 2964 in
333 2905 502 2966 deversorio
515 2906 668 2980 inveniret,
683 2906 790 2984 collegi
804 2906 960 2966 sarcinulas
979 2909 1130 2984 locumque
1143 2915 1284 2966 secretum
1298 2915 1329 2966 et
1337 2908 1444 2984 proxi·

288 3021 369 3061 mum
383 3004 468 3063 liton'
484 3013 613 3063 maestus
633 3003 783 3064 conduxi!
824 3003 862 3064 Id
884 3015 938 3078 est,
953 3005 1050 3080 priore
1072 3005 1201 3081 hospitio
1224 3003 1353 3077 deserto,
1368 3023 1400 3064 se
1413 3005 1445 3063 in

288 3101 454 3161 ‘Graecam
474 3101 598 3174 urbem,'
613 3118 674 3178 quo
693 3101 815 3161 nomine
829 3110 908 3178 pars
928 3103 1011 3161 urbis
1027 3121 1104 3179 quae
1117 3103 1262 3179 proxima
1280 3103 1363 3161 man'
1378 3109 1448 3161 erat

288 3197 435 3274 designari
448 3197 573 3271 videtur,
588 3198 761 3259 contulerat.
797 3199 895 3258 Huius
909 3209 1010 3258 autem
1023 3199 1152 3258 nominis
1166 3198 1277 3276 duplex
1290 3198 1365 3259 ratio
1379 3209 1444 3272 est3

287 3313 357 3354 nam
371 3296 528 3355 veterrima
547 3313 615 3373 pars
635 3297 724 3370 urhis,
737 3315 814 3372 quae
833 3296 865 3355 in
883 3297 958 3356 colle
979 3314 1073 3372 prope
1088 3315 1106 3354 a
1120 3297 1194 3356 mari
1208 3296 1263 3356 sita
1277 3293 1360 3369 erat,⁶
1373 3297 1445 3355 olim

288 3408 321 3451 re
342 3410 412 3452 vera
425 3393 560 3454 ‘Graeca
581 3393 668 3454 urbs’
689 3403 850 3470 portusque
872 3394 1033 3455 Cumarum
1054 3393 1157 3467 fuerat,
1179 3404 1268 3470 atque
1289 3394 1445 3454 subiacens

288 3490 455 3566 emporium
480 3491 608 3566 Encolpi
632 3491 825 3568 temporibus,
849 3491 882 3552 id
907 3501 960 3565 est,
985 3491 1108 3568 Augusti
1131 3501 1239 3564 aetate,
1264 3491 1446 3552 simillimum

288 3588 423 3649 Graecae
436 3588 516 3649 urbis
531 3585 614 3648 erat!

329 3783 411 3838 ¹Tac.
421 3788 489 3837 Anu.
501 3787 573 3837 XIV.
586 3799 616 3851 ²⁷
631 3785 738 3853 (ΑΗΕ
751 3786 812 3852 813)
820 3805 828 3849 ;
849 3787 878 3838 C.
890 3787 911 3838 1.
924 3787 954 3838 L.
966 3787 1011 3838 IV.
1024 3799 1052 3838 21
1056 3798 1100 3854 52;
1122 3787 1154 3839 X.
1167 3786 1239 3854 53⁶9·

328 3865 340 3900 ²
350 3869 394 3919 Ad
403 3869 465 3920 Tac.
476 3871 544 3919 Arm.
556 3869 629 3919 XIV.
642 3881 682 3936 27.

328 3946 341 3983 ⁸
352 3950 620 4015 ‘Staatsverwaltung,'
632 3953 674 4003 ed.
685 3952 728 4003 alt.
740 3952 762 4001 1.
776 3968 800 4018 p.
816 3951 869 4012 118,
882 3953 938 4002 adn.
950 3965 976 4014 4

328 4029 340 4066 ⁴
352 4031 469 4084 Strabon.
481 4034 512 4084 V.
523 4048 549 4098 p.
563 4045 623 4099 2453
644 4035 749 4098 Dionys.
760 4035 820 4084 VII.
833 4047 856 4098 3.

328 4110 340 4147 ⁸
352 4115 467 4166 Fortasse
481 4115 581 4167 colonia
597 4117 624 4166 in
640 4117 768 4182 superiore
785 4123 857 4182 parte
875 4117 944 4167 urbis
957 4115 1074 4182 (Beloch.
1085 4115 1173 4182 Camp.
1185 4131 1227 4182 pp.
1242 4126 1288 4182 137
1299 4115 1382 4181 seqq.)
1396 4115 1445 4167 sita

287 4201 349 4258 erat,
361 4197 495 4262 siquidem
507 4198 591 4249 coloni
603 4199 630 4248 in
641 4214 691 4250 uno
703 4199 760 4249 loco
772 4200 927 4250 habitabant.

328 4278 456 4332 ‘Beroen
468 4281 555 4346 Camp.
567 4298 612 4346 pp.
626 4294 733 4345 130=313
755 4281 787 4332 cf.
800 4281 878 4332 Atlas.
890 4281 927 4331 Pl.
939 4281 990 4331 111.

328 4360 428 4414 '‘Wer
439 4378 471 4413 zu
481 4363 590 4413 Cicero's
605 4364 667 4413 oder
684 4363 803 4415 Seneca’s
819 4363 874 4414 Zeit
891 4365 936 4414 das
954 4363 1102 4428 Emporium
1113 4377 1164 4414 von
1181 4362 1280 4412 Puteoli
1297 4362 1444 4412 durchwan·
