3306 5102
628 586 840 666 Quaestiones
861 585 1091 650 Petronianae.
1401 606 1440 670 23

287 773 319 834 in
333 773 413 842 alind
430 781 520 849 atque
540 771 743 836 Neronianum
767 779 884 846 tempus
903 769 1070 842 convenire,
1086 769 1146 828 iam
1166 770 1236 830 satis
1255 771 1294 832 ab
1312 772 1375 853 aliis
1390 771 1442 832 de-

288 879 484 930 monstratum
512 878 566 929 est.
606 871 704 945 Atque
732 868 757 927 si
784 867 938 927 Petronius
966 867 1116 952 aliquanto
1144 868 1304 945 simplicius
1327 870 1444 946 scripsit

287 987 378 1045 quam
405 967 497 1040 ceteri
517 965 651 1034 eiusdem
679 965 784 1028 aetatis
810 975 956 1039 auctores,
983 965 1043 1025 hoc
1066 965 1174 1042 partim
1201 965 1359 1027 imitationi
1381 967 1443 1028 eius

288 1067 431 1126 sermonis
459 1084 519 1142 quo
546 1064 670 1142 Augusti
697 1073 793 1123 aetate
828 1063 987 1139 scriptores
1021 1062 1189 1137 utebantur,
1215 1064 1323 1149 partim
1351 1065 1442 1141 ipsius

287 1164 416 1230 hominis
429 1163 548 1240 ingenio
562 1173 593 1222 et
606 1161 701 1222 indoli
714 1159 943 1220 adtribuendum
958 1171 1012 1220 est.

329 1261 414 1336 Quae
435 1280 504 1320 cum
526 1261 567 1320 ita
589 1261 656 1334 sint,
671 1259 763 1320 multa
786 1268 960 1336 argumenta
981 1266 1114 1317 nostram
1136 1259 1313 1319 sententiam
1335 1261 1441 1320 confir-

288 1368 389 1432 mant3
418 1376 512 1434 eaque
539 1376 616 1434 qnae
644 1356 684 1416 ad
711 1356 781 1416 alias
805 1355 964 1415 sententias
985 1353 1154 1432 probandas
1175 1356 1229 1414 viri
1251 1355 1333 1416 docti
1357 1356 1442 1416 adtu-

287 1455 383 1514 lerunt
403 1455 560 1516 incertiora
574 1473 638 1514 esse
651 1453 788 1514 videntur
808 1471 897 1530 quam
911 1471 987 1529 quae
1002 1471 1057 1530 pro
1070 1453 1147 1512 veris
1170 1463 1201 1538 et
1224 1454 1312 1513 certis
1334 1454 1441 1530 accipi-

287 1563 382 1612 antur.
433 1555 538 1629 Itaque
562 1552 633 1612 licet
656 1554 839 1631 conligamus
863 1555 1035 1615 Petronium
1055 1573 1123 1614 eam
1144 1564 1259 1631 partem
1280 1562 1442 1612 saturarum

286 1668 363 1726 quae
385 1650 475 1710 hodie
498 1659 595 1710 exstat
618 1649 736 1710 circiter
756 1652 869 1712 A.U.C.
888 1669 944 1728 740
958 1662 1056 1711 actam
1077 1669 1142 1722 esse
1163 1652 1226 1710 sine
1248 1649 1339 1710 dubio
1359 1649 1441 1730 volu·

285 1766 353 1806 rsse.

329 1944 417 2001 Haec
437 1943 498 2002 sere
520 1952 587 2002 sunt
607 1959 684 2018 quae
706 1942 745 2003 de
766 1953 901 2019 tempore
922 1953 1084 2003 saturarum
1105 1941 1234 2004 dicenda
1261 1952 1441 2019 putaremus.

287 2039 449 2115 Reliquum
464 2049 554 2098 estut
572 2057 746 2115 quaeramus
766 2059 826 2116 qua
846 2041 877 2100 in
897 2041 969 2101 urbe
990 2041 1170 2100 Trimalchio
1192 2040 1338 2100 habitarit.
1381 2037 1441 2100 Sed

288 2135 327 2195 de
348 2136 405 2195 hac
426 2154 457 2195 re
481 2135 649 2213 perdifficili
669 2137 724 2196 viri
746 2136 829 2197 docti
856 2138 981 2198 multum
1009 2138 1119 2214 diuque
1147 2146 1351 2218 certaverunt;
1381 2155 1442 2220 quq

288 2233 381 2310 magis
399 2251 504 2293 vereor
516 2252 554 2293 ne
569 2231 668 2313 γλαῦκ’
688 2237 726 2298 εἰς
745 2232 875 2312 Ἀθήνας,
897 2234 979 2312 quod
1003 2234 1116 2310 dicunt,
1130 2235 1205 2295 ferre
1227 2233 1340 2295 videar.
1384 2235 1441 2296 Ut·

288 2349 416 2407 cumque
437 2331 496 2390 hoc
516 2331 579 2404 erit,
594 2331 722 2407 primum
743 2341 787 2392 est
810 2332 849 2392 de
871 2333 1049 2410 argumentis
1070 2351 1147 2409 quae
1167 2331 1248 2409 apud
1270 2332 1442 2392 Petronium

287 2428 407 2488 inventa
421 2438 496 2501 sunt,
512 2438 575 2488 tum
590 2428 629 2488 de
644 2429 805 2489 rationibus
823 2449 896 2506 quas
917 2431 1002 2490 huius
1026 2430 1130 2490 aetatis
1154 2429 1291 2510 homines
1314 2428 1353 2489 ad
1376 2447 1442 2490 suas

287 2526 447 2585 sententias
461 2525 629 2602 probandas
644 2525 820 2602 adtulerunt,
836 2527 1051 2587 disserendum.

329 2623 477 2699 Principio
498 2625 575 2682 miro
588 2622 719 2699 quodam
733 2643 803 2684 casu
817 2644 927 2685 nomen
941 2626 1021 2685 urbis
1035 2626 1065 2686 in
1079 2643 1138 2701 qua
1158 2624 1338 2684 Trimalchio
1359 2623 1442 2684 habi·

287 2721 359 2780 tavit
373 2738 518 2796 nusquam
532 2721 613 2796 apud
631 2723 802 2782 Petronium
827 2733 974 2783 servatum
989 2732 1042 2782 est.
1084 2724 1157 2782 Sunt
1179 2731 1280 2781 tamen
1302 2721 1443 2780 nonnulla

277 2817 397 2893 ¹indicia
409 2817 449 2877 ad
463 2818 568 2877 urbem
582 2819 779 2894 pertinentia;
801 2838 877 2896 quae
892 2821 967 2880 haec
981 2821 1041 2880 iere
1056 2829 1132 2880 sunt.
1464 2823 1470 2832 ’

329 2917 365 2974 In
386 2916 551 2991 Campania
572 2916 697 2990 eratali
718 2915 818 2977 mare¹
846 2918 910 2992 sita,
931 2937 1029 2994 neque
1053 2919 1140 2994 longe
1169 2918 1270 2977 aberat
1299 2935 1317 2975 a
1345 2913 1445 2976 Baiis²

288 3011 449 3088 Capuave.⁸
489 3014 646 3074 Coloniam
672 3024 773 3074 autem
793 3016 824 3075 in
845 3017 950 3076 urbem
973 3016 1134 3077 deductam
1158 3035 1221 3076 esse
1245 3034 1282 3075 ex
1304 3025 1445 3094 quattuor

287 3107 380 3170 locis⁴
393 3110 526 3186 adparet,
541 3122 630 3188 atque
644 3112 721 3171 inter
741 3113 925 3194 magistratus
945 3115 1073 3174 urbanos
1095 3111 1225 3192 aediles⁶
1240 3122 1331 3172 erant.
1373 3114 1442 3172 Sev-

288 3207 398 3267 irorum
425 3218 525 3267 autem
552 3210 720 3286 conlegium
747 3211 778 3269 in
805 3211 923 3271 colonia
949 3221 1031 3286 erat,
1063 3230 1133 3270 nam
1160 3210 1340 3270 Trimalchio
1368 3209 1445 3268 sevir

288 3301 474 3380 Augustalis,⁶
495 3307 658 3366 Hermeros
680 3317 710 3367 et
731 3309 886 3368 Habinnas
911 3306 1015 3369 seviri⁷
1038 3318 1188 3369 vocantur.
1231 3306 1351 3366 Deinde
1373 3307 1444 3389 urbs

288 3402 352 3477 ipsa
364 3402 396 3460 in
410 3402 563 3478 regiones⁸
578 3414 641 3464 erat
659 3405 752 3465 divisa
765 3403 945 3483 vigilesque⁹
964 3406 1093 3467 habebat
1105 3407 1157 3482 qui
1171 3405 1210 3464 ad
1224 3404 1364 3465 incendia
1383 3423 1442 3463 res-

329 3578 401 3630 ²114.
413 3587 467 3629 tert.
485 3582 634 3632 Buecheleri
645 3599 667 3634 c.
679 3582 719 3643 81,
731 3599 756 3648 p.
769 3595 808 3650 55,
820 3584 845 3634 ll.
858 3585 918 3650 5-6;
940 3584 974 3635 cf.
988 3601 1009 3635 c.
1023 3597 1062 3650 77,
1073 3600 1100 3649 p.
1114 3595 1153 3650 52,
1165 3583 1182 3634 l.
1197 3595 1241 3646 243
1263 3598 1284 3633 c.
1302 3595 1343 3646 90,
1360 3597 1385 3648 p.
1403 3581 1444 3641 61,

287 3661 304 3712 l.
316 3677 344 3725 43
366 3677 389 3712 c.
400 3675 441 3726 99,
453 3678 478 3727 p.
490 3663 530 3724 68,
542 3664 568 3714 ll.
583 3664 643 3728 3-8;
664 3681 688 3716 c.
704 3679 758 3728 114,
769 3683 794 3732 p.
808 3666 848 3726 80,
859 3667 886 3716 ll.
900 3667 972 3717 8-10.

328 3741 379 3794 ²0·
392 3755 432 3810 ⁵3,
443 3760 469 3809 r·
482 3757 522 3811 as.
533 3745 550 3795 ¹·
565 3759 607 3809 19;
629 3746 662 3797 cf·
673 3762 695 3797 c·
710 3760 764 3810 104.
776 3764 801 3813 1>-
815 3761 854 3814 71,
865 3748 883 3798 1·
897 3761 936 3818 27-

328 3823 380 3876 ⁸C·
392 3827 432 3887 62,
444 3843 469 3892 n·
481 3840 522 3891 41,
533 3828 549 3878 1·
565 3841 588 3892 9·
877 3835 878 3838 ’

328 3907 379 3959 ⁴C.
392 3923 432 3972 44,
444 3925 470 3975 p.
482 3923 523 3974 29,
534 3911 560 3960 ll.
573 3910 613 3971 26,
626 3924 669 3976 343
691 3928 712 3962 c.
726 3924 765 3979 57,
777 3929 803 3978 p.
818 3912 942 3977 38,l.13;
963 3930 986 3964 c.
999 3913 1038 3980 76,
1050 3930 1075 3979 p.
1088 3925 1127 3980 52,
1139 3913 1156 3963 l.
1170 3926 1192 3980 7.

329 3989 380 4042 ⁵0.
391 4007 433 4054 44,
445 4009 469 4058 p.
484 4007 523 4056 29,
534 3994 561 4045 11.
576 4007 613 4054 ιο,
626 4008 670 4061 27;
691 4012 714 4046 c.
726 4008 765 4062 53,
777 4012 803 4062 p.
816 3995 885 4061 35,1.
899 3996 943 4057 164
961 3995 995 4046 ci.
1009 4013 1030 4047 c.
1042 4007 1083 4061 45.
1117 3997 1193 4059 Quod
1205 3996 1364 4060 magistratus
1377 3995 1445 4048 urbis

289 4077 418 4138 ‘praetor'
431 4077 463 4126 ab
481 4079 580 4127 advena
598 4079 721 4144 Encolpio
735 4079 771 4144 (c.
783 4079 824 4145 65,
835 4092 862 4144 p.
875 4091 916 4142 43,
928 4079 945 4130 1.
957 4078 1002 4144 32)
1017 4079 1107 4129 dieitur
1123 4079 1193 4129 hand
1210 4065 1245 4128 ita
1262 4077 1368 4127 multum
1387 4063 1444 4154 auc·

289 4157 396 4208 totitatis
407 4159 501 4222 habere
513 4161 603 4210 sentio.

330 4236 380 4290 ⁸C.
393 4253 433 4304 30,
445 4257 470 4306 p.
484 4255 524 4302 21,
535 4242 552 4293 l.
565 4255 592 4307 7;
608 4241 639 4292 cl.
652 4259 675 4293 c.
690 4253 729 4308 71,
740 4258 767 4308 p.
780 4243 821 4307 48,
832 4244 848 4293 l.
863 4256 902 4309 25·
946 4242 997 4294 lc.
1008 4256 1081 4310 57,p.
1092 4242 1195 4308 38,l.4;
1212 4259 1233 4294 c.
1246 4242 1286 4308 65,
1295 4258 1320 4308 p.
1329 4254 1370 4308 43,
1379 4242 1395 4292 l.
1405 4254 1442 4327 35.

330 4319 380 4372 ⁸0
393 4322 432 4387 78,
444 4338 470 4388 p.
482 4335 522 4389 53,
533 4323 550 4374 l.
562 4323 590 4384 83
612 4323 645 4374 ci.
657 4339 679 4374 c.
694 4337 732 4390 17,
744 4341 769 4391 p.
784 4338 821 4388 14,
833 4325 895 4385 116,
910 4325 997 4392 16-17.

329 4403 381 4455 lC.
395 4404 434 4470 78,
446 4421 471 4470 p.
484 4417 524 4471 53,
536 4405 552 4455 l.
565 4405 589 4456 8.
