3306 5102
610 623 822 704 Quaestiones
843 623 1071 688 Petronianae.
1382 643 1420 689 21

266 811 380 872 A.U.C.
399 827 456 886 740
484 808 625 868 iuvenem
645 807 704 867 iam
726 808 872 867 famosum
894 807 982 867 fuisse
1004 817 1152 884 putemus.
1195 807 1286 883 Quod
1313 809 1337 867 si
1360 809 1425 885 quis

265 925 372 986 parum
393 905 548 983 probabile
569 923 633 965 esse
655 915 767 980 censet,
788 905 859 963 licet
881 903 981 964 locum
1002 905 1124 963 Petroni
1144 902 1183 963 ad
1205 906 1248 963 M.
1265 905 1425 964 Aemilium

266 1006 418 1079 Scaurum,
447 1003 592 1063 Mamerci
619 1013 746 1079 patrem,
774 1011 909 1078 spectare
938 999 1062 1061 credat.¹
1102 1002 1212 1062 Scauro
1234 1012 1334 1061 autem
1355 1021 1424 1080 cog·

241 1143 243 1148 -
266 1101 388 1161 nomine
410 1110 440 1160 et
460 1100 534 1160 aliae
551 1110 665 1177 gentes,
678 1099 820 1158 Terentia
834 1109 864 1158 et
877 1100 1004 1172 Aurelia,
1018 1099 1185 1159 utebantur.
1228 1098 1287 1159 Sed
1302 1100 1359 1159 nisi
1374 1101 1425 1160 lal-

267 1200 362 1272 limur,
376 1199 468 1258 verba
487 1197 712 1256 Trimalchionis
727 1196 766 1255 ad
781 1197 908 1273 aliquem
924 1216 962 1256 ex
974 1196 1107 1256 Aemiliis
1127 1197 1242 1257 Scauris
1256 1197 1425 1273 pertinent;

267 1297 288 1356 ii
303 1297 383 1356 enim
397 1307 428 1356 et
441 1295 577 1355 ditissimi
592 1307 621 1353 et
634 1294 856 1354 luxuriosissimi
870 1295 958 1354 fuisse
972 1294 1135 1354 traduntur.

313 1395 363 1472 (8)
390 1394 528 1469 Denique
548 1391 730 1451 Trimalchio
749 1393 824 1451 haec
845 1392 919 1452 dicit
945 1394 988 1471 (c.
1006 1390 1076 1471 76):
1100 1393 1159 1451 ‘Et
1180 1411 1252 1452 sane
1272 1392 1425 1452 nolentem
1460 1433 1462 1439 2

268 1511 317 1551 me
331 1493 483 1568 negotium
498 1509 599 1549 meum
613 1508 701 1566 agere
717 1489 883 1549 exhortavit
897 1489 1133 1563 mathematicus,
1148 1490 1199 1565 qui
1213 1501 1336 1549 venerat
1349 1491 1425 1549 forte

268 1589 299 1648 in
313 1589 461 1648 coloniam
475 1598 618 1661 nostram,
633 1587 803 1660 Graeculio,
818 1588 930 1663 Serapa
950 1588 1080 1660 nomine,
1095 1587 1265 1647 consiliator
1280 1587 1425 1646 deorum’

268 1687 328 1747 Sed
357 1687 526 1746 Caracallae
558 1685 743 1761 temporibus
771 1685 893 1760 Serapio
924 1683 1047 1759 quidam
1077 1694 1165 1744 notus
1196 1685 1425 1744 mathematicus

269 1785 341 1859 fuit3
382 1784 481 1860 itaque
496 1779 634 1860 lgnarra²
647 1781 692 1841 his
714 1781 883 1841 nominibus
902 1800 971 1840 usus
993 1792 1038 1841 est
1058 1782 1165 1857 quibus
1180 1783 1351 1842 Petronium
1365 1785 1425 1841 An-

269 1882 438 1940 toninorum
448 1881 632 1955 temporibus
643 1879 793 1955 scripsisse
804 1879 954 1955 probaret.
997 1880 1179 1952 Nonrecte;
1201 1881 1330 1955 primum
1345 1881 1425 1939 enim

270 1990 439 2053 temporum
454 1978 529 2036 ratio
542 1977 624 2036 nullo
645 1975 737 2036 modo
758 1976 906 2035 convenit.
950 1975 1068 2036 Deinde
1082 1977 1204 2035 nomina
1216 1977 1264 2035 illa
1279 1978 1425 2054 ‘Serapa'

271 2085 301 2134 et
316 2075 473 2151 ‘Serapio’
489 2075 564 2136 inter
578 2092 611 2134 se
625 2073 778 2134 dissimilia
792 2084 868 2133 sunt.
911 2075 1049 2150 Denique
1063 2075 1142 2133 nulla
1157 2075 1218 2134 fere
1234 2085 1314 2134 aetas
1331 2075 1423 2134 maio·

270 2190 333 2231 rem
348 2171 439 2231 fidem
460 2172 677 2231 mathematicis
697 2171 834 2230 adhibuit
853 2189 944 2247 quam
965 2182 1046 2230 aetas
1067 2169 1212 2249 Augusti.³
1253 2173 1338 2247 Quae
1356 2191 1425 2233 cum

270 2270 311 2328 ita
326 2271 392 2341 sint,
407 2271 546 2345 Ignarrae
560 2270 663 2345 opinio
677 2270 801 2328 omnino
815 2268 967 2328 reicienda
980 2279 1034 2328 est

312 2369 399 2426 Haec
419 2367 541 2426 nomina
553 2367 608 2425 viri
622 2365 705 2426 docti
725 2385 815 2442 saepe
838 2367 1022 2442 protulerunt
1036 2367 1076 2427 ad
1090 2367 1245 2443 opiniones
1267 2386 1333 2427 suas
1357 2385 1425 2444 pro-

270 2463 393 2524 bandas.
435 2464 495 2524 Sed
516 2482 606 2540 quam
634 2464 747 2523 incerta
768 2482 917 2540 quamque
941 2465 1055 2524 diversa
1080 2465 1148 2524 talia
1171 2475 1344 2541 argumenta
1368 2466 1428 2525 sint

270 2580 360 2621 nemo
378 2580 440 2621 non
459 2561 550 2621 videt.
593 2563 697 2636 Itaque
719 2570 753 2619 ut
774 2571 855 2620 certa
876 2562 996 2621 incertis
1010 2572 1207 2638 opponantur,
1223 2561 1427 2638 quaerendum

271 2668 316 2718 est
330 2677 406 2734 quae
420 2659 541 2717 nomina
556 2658 636 2734 apud
651 2659 821 2717 Petronium
840 2659 963 2718 inveniri
983 2660 1097 2735 possint
1110 2678 1187 2735 quae
1202 2660 1265 2719 sine
1280 2660 1373 2720 dubio
1387 2659 1427 2718 ad

271 2757 365 2815 claros
378 2757 456 2815 viros
470 2756 647 2832 pertineant.
689 2755 824 2831 Quorum
846 2756 921 2816 haee
944 2757 1005 2816 fere
1028 2756 1152 2817 adrem
1178 2766 1332 2833 spectant:
1355 2775 1426 2816 nam

271 2853 470 2928 antiquiorum
484 2853 606 2912 nomina
620 2852 690 2911 licet
704 2853 884 2913 omittamus.

274 3007 423 3075 (Antistius)
438 3008 534 3068 Labeo,
545 3009 599 3058 iure
611 3009 739 3058 consultus
754 3044 1295 3061 ..............
1336 3026 1357 3060 c.
1372 3022 1427 3075 137.

270 3093 406 3158 Augustus,
418 3090 571 3156 imperator⁴
589 3127 1294 3144 ..................
1353 3109 1375 3143 c.
1387 3093 1427 3155 69.

273 3172 325 3240 (M.
337 3173 468 3237 Claudius)
483 3173 625 3233 Marcellus,
635 3174 722 3223 consul
733 3175 828 3225 A.U.C.
842 3187 888 3240 703
917 3211 924 3225 .
958 3210 965 3225 .
991 3195 993 3197 ·
999 3210 1296 3226 ........
1336 3191 1358 3226 c.
1373 3188 1427 3238 124.

274 3255 318 3320 (L.
330 3254 474 3320 Cornelius)
487 3256 609 3305 Lentulus
622 3255 720 3321 (Crus),
733 3257 820 3306 consul
828 3256 923 3307 A.U.C.
936 3269 982 3323 705
1001 3292 1296 3309 ........
1335 3273 1358 3307 c.
1373 3270 1426 3320 124.

274 3337 334 3403 (Q.)
350 3338 471 3387 Horatius
485 3338 616 3402 (Flaccus)
630 3374 1296 3391 .................
1336 3357 1356 3390 c.
1373 3340 1427 3390 118.

274 3420 554 3487 (C.)JuliusCaesar.
671 3458 677 3473 .
712 3458 719 3472 .
753 3457 759 3470 .
794 3456 800 3470 .
836 3459 842 3472 .
876 3458 883 3472 .
918 3459 924 3473 .
959 3459 966 3473 .
1001 3459 1007 3472 .
1041 3435 1183 3483 .cc.1ao;
1208 3435 1348 3487 122;123;
1373 3436 1428 3485 124.

274 3503 325 3570 (M.
338 3504 464 3569 Licinius)
479 3504 581 3554 Crassus
629 3539 1297 3556 .................
1336 3522 1358 3556 c.
1373 3518 1428 3556 120.

274 3586 334 3653 (Cn.
347 3586 494 3653 Pompeius)
510 3588 619 3651 Magnus
631 3623 1214 3640 ...............
1240 3600 1349 3652 cc.123;
1373 3600 1428 3650 124.

244 3660 246 3663 ¹
274 3669 326 3736 (M.
338 3669 453 3735 Porcius)
467 3670 531 3719 Cato
546 3671 698 3735 (Uticensis)
711 3705 1296 3722 ...............
1337 3682 1428 3733 c.119.

313 3853 324 3888 ¹
336 3855 388 3904 Hic
400 3855 507 3904 Scaurus
519 3855 642 3905 bellorum
653 3855 763 3906 civilium
780 3855 934 3921 temporibus
950 3855 1018 3921 prius
1035 3855 1105 3906 Bruti
1117 3862 1143 3906 et
1153 3855 1222 3906 Cassi
1234 3862 1319 3920 partes
1330 3862 1430 3904 secutus

273 3943 318 3996 est,
331 3937 423 3988 deinde
441 3937 509 3987 Sexti
527 3937 631 4002 Pompei
636 3955 644 3997 ;
665 3938 711 3987 sed
727 3944 816 4003 postea
832 3937 875 3987 illo
892 3938 981 3987 relicto
996 3939 1028 3987 ad
1043 3938 1080 3988 M.
1091 3937 1232 3988 Antonium
1252 3937 1390 4000 transfugit,
1403 3943 1430 3986 ut

273 4020 349 4069 tradit
358 4019 491 4085 Appianus
506 4017 582 4084 (Bell.
594 4020 647 4070 Civ.
662 4020 692 4068 V.
708 4020 779 4084 142).
814 4022 943 4083 Augustus
955 4026 1038 4069 autem
1050 4027 1107 4085 post
1123 4019 1247 4085 proelium
1262 4020 1394 4069 Actiacum
1406 4019 1431 4068 ei

272 4104 372 4154 veniam
384 4104 464 4164 dedit;
487 4103 518 4153 cs.
531 4102 607 4152 Dion.
621 4102 665 4153 LI.
679 4115 706 4163 23
728 4102 796 4153 LVI.
808 4102 852 4166 383
874 4103 1014 4152 Drumann.
1026 4102 1133 4151 ‘Gesch
1147 4104 1243 4162 Roms,’
1254 4104 1275 4152 1.
1287 4120 1312 4169 p.
1325 4116 1365 4167 33.

313 4187 375 4238 ”Ch
390 4191 455 4239 Mus.
470 4189 552 4239 Rhen.
564 4205 621 4239 nov.
634 4189 671 4239 11.
681 4204 707 4254 p.
721 4201 776 4239 211.
1213 4179 1214 4184 ¹

314 4271 421 4323 ⁸Tiberi
437 4274 593 4340 temporibus
609 4273 781 4324 mathematici
798 4281 850 4324 tam
866 4275 938 4324 multi
954 4271 1056 4340 tamque
1073 4273 1173 4324 molesti
1190 4273 1250 4324 iacti
1268 4278 1340 4325 erant
1356 4277 1383 4320 ut
1400 4285 1431 4319 ex

271 4356 501 4428 senatusconsulto
514 4356 708 4422 expellerentur;
729 4359 788 4407 Tac.
801 4361 868 4408 Anu.
881 4359 916 4409 11.
930 4370 973 4422 323
996 4358 1098 4408 Sueton.
1109 4357 1159 4406 vit.
1171 4356 1227 4406 Tib.
1239 4355 1279 4420 36.

313 4437 325 4473 ⁴
338 4439 454 4490 Fortasse
466 4439 558 4490 Caesar
570 4440 639 4490 cuius
650 4439 802 4490 Trimalchio
814 4455 836 4490 c.
850 4452 878 4505 51
893 4440 1006 4490 meminit
1017 4442 1145 4504 Augustus
1157 4445 1201 4488 est.
