3306 5102
210 619 247 664 12
645 605 690 670 H.
726 605 769 671 W.
793 607 913 690 Haley.

205 785 379 864 adsumptus
401 797 454 847 est.
498 789 579 848 Huic
599 788 731 863 domino,
757 808 857 868 aquo
886 802 916 851 et
939 793 1003 869 ipse
1025 804 1056 853 et
1078 794 1223 855 colliberti
1246 813 1357 856 nomen

205 893 330 957 traxere,
342 882 579 960 quattuordecim
593 905 687 946 annos
702 897 764 947 erat
778 887 816 948 ad
831 887 961 962 delicias,
973 891 1071 966 plures
1086 892 1176 951 etiam
1191 892 1354 954 serviebat:

204 982 334 1061 denique
346 1001 435 1042 manu
446 984 550 1043 missus
561 994 591 1043 et
600 1003 654 1060 per
669 984 866 1045 hereditatem
881 996 970 1063 atque
984 987 1217 1065 negotiationem
1233 991 1358 1050 fortunis

203 1081 399 1158 locupletatus
420 1082 489 1141 luxu
514 1083 693 1159 transigebat
721 1083 847 1158 primam
872 1081 1057 1144 senectutem
1081 1086 1217 1163 vitaeque
1246 1098 1355 1147 restare

203 1199 297 1239 annos
317 1180 436 1256 triginta
454 1180 510 1240 sibi
528 1190 720 1255 persuaserat,
740 1199 809 1239 cum
831 1181 993 1256 Encolpios
1016 1183 1047 1241 in
1066 1184 1215 1244 coloniam
1234 1185 1356 1261 eiusque

172 1267 182 1289 '
203 1277 327 1337 domum
341 1276 476 1336 devertit.
519 1279 606 1336 Haec
617 1278 641 1336 si
650 1277 838 1337 contendens
852 1297 921 1336 cum
935 1279 1111 1356 agnomine¹
1126 1283 1354 1356 Maecenatiani,

203 1375 234 1433 in
248 1374 419 1434 definiendo
438 1384 572 1450 tempore
586 1393 680 1434 cenae
693 1376 742 1434 vix
760 1376 871 1452 poteris
889 1377 965 1435 ultra
982 1377 1139 1454 imperium
1157 1379 1269 1438 Tiberii
1287 1398 1356 1456 pro·

202 1469 324 1549 gredi.'²
366 1474 453 1531 Haec
467 1472 589 1547 quidem
602 1482 633 1531 et
646 1473 782 1548 speciosa
795 1485 863 1532 sunt
877 1483 907 1533 et
925 1484 1044 1534 nostrae
1064 1477 1229 1535 sententiae
1249 1495 1355 1554 repug-

203 1579 283 1628 nant.
326 1571 406 1628 Nam
419 1570 598 1629 Trimalchio
618 1581 753 1646 tempore
773 1589 864 1630 cenae
885 1576 995 1630 ‘senex
1013 1572 1128 1632 calvus’
1152 1584 1214 1632 erat
1232 1575 1273 1654 (c.
1297 1572 1350 1651 ²7)

109 1712 111 1715 .
202 1668 339 1744 vitaeque
353 1677 463 1727 restare
483 1671 594 1726 ‘annos
608 1668 726 1744 triginta
740 1678 769 1727 et
785 1687 901 1728 menses
916 1679 1054 1745 quattuor
1068 1680 1099 1729 et
1113 1670 1177 1730 dies
1192 1671 1267 1731 duos
1277 1657 1356 1731 *sibi

202 1774 387 1841 persuaserat
405 1765 447 1842 (c.
465 1782 520 1840 773
536 1764 573 1824 cs.
587 1784 632 1824 cc.
652 1783 698 1842 75,
716 1764 781 1843 76).
824 1768 930 1842 Itaque
945 1767 995 1826 illo
1010 1778 1145 1843 tempore
1160 1768 1355 1845 quadraginta

203 1872 284 1921 certe
299 1880 394 1921 annos
407 1872 492 1921 natus
507 1872 579 1935 erat,
599 1873 649 1921 aut
667 1863 765 1939 potius
785 1863 823 1921 ad
844 1865 1120 1940 quinquagesimum
1138 1866 1186 1924 vel
1208 1867 1353 1942 sexagesi-

203 1979 285 2018 mum
313 1978 422 2018 annum
449 1970 631 2036 pervenerat.
675 1961 760 2035 Quae
792 1980 860 2019 cum
889 1961 929 2020 ita
957 1962 1024 2034 sint,
1053 1963 1077 2020 si
1105 1981 1212 2022 cenam
1237 1963 1356 2022 circiter

203 2058 315 2118 A.U.C.
334 2075 389 2132 740
403 2068 501 2115 actam
515 2076 579 2116 esse
601 2068 681 2116 recte
703 2058 865 2131 statuimus,
887 2059 935 2117 ille
956 2077 1017 2118 non
1039 2061 1151 2118 ‘suerat
1166 2070 1199 2119 ut
1218 2061 1355 2136 parvolus

202 2172 276 2231 puer
296 2173 334 2213 ex
354 2155 424 2213 Asia
443 2155 524 2213 venit
545 2157 683 2227 Romam,
705 2155 736 2214 in
757 2174 845 2214 manu
868 2157 1090 2231 Maecenatis';
1120 2167 1190 2215 tunc
1212 2159 1300 2231 enim,
1321 2168 1355 2217 ut

202 2253 327 2325 videtur,
343 2252 450 2328 etipse
465 2254 626 2311 Maecenas
646 2253 802 2328 ‘parvolus
817 2255 908 2329 puer’
929 2251 1012 2312 erat.⁸
1052 2253 1112 2314 Sed
1126 2265 1243 2330 praeter
1256 2256 1353 2331 ipsum

203 2367 370 2425 cognomen
384 2349 464 2407 nulla
476 2348 611 2424 profecto
627 2367 716 2407 causa
730 2358 774 2407 est
788 2368 840 2408 cur
853 2351 1103 2410 Trimalchionem
1123 2352 1284 2412 clarissimo
1303 2352 1354 2411 illo

195 2446 381 2520 Maecenati,
392 2446 515 2522 Augusti
526 2446 632 2518 emim,
644 2465 784 2522 umquam
796 2448 918 2506 servisse
933 2445 1039 2523 putes.⁴
1081 2449 1160 2508 Nam
1173 2449 1353 2508 Trimalchio

202 2563 381 2621 quamquam
396 2544 435 2603 de
450 2544 587 2602 servitute
602 2563 654 2602 sua
672 2543 820 2603 liberrime
837 2545 966 2620 loquitur
988 2547 1048 2624 (cc.
1065 2548 1113 2622 69,
1131 2564 1177 2623 75,
1195 2547 1261 2623 76),
1280 2547 1354 2605 nihil

201 2651 302 2701 tamen
329 2640 368 2700 de
396 2644 574 2700 Maecenate
601 2640 683 2715 dicit,
711 2642 783 2700 nihil
811 2641 849 2701 de
878 2643 975 2718 priore
1004 2641 1148 2702 domino.⁶
1201 2643 1260 2703 Sed
1287 2645 1353 2720 quis
1409 2643 1412 2650 ’

201 2739 323 2798 credere
338 2749 437 2814 potest
450 2739 700 2798 Trimalchionem
714 2739 786 2797 nihil
800 2738 839 2798 de
853 2741 987 2815 potentia
1001 2750 1032 2798 et
1046 2741 1154 2800 divitiis
1169 2741 1353 2800 Maecenatis

201 2837 349 2897 dicturum
374 2854 447 2909 esse,
472 2836 496 2894 si
524 2835 647 2912 quidem
669 2837 697 2895 ei
724 2854 865 2913 umquam
894 2838 1050 2896 servisset?
1091 2839 1226 2897 Fortasse
1252 2849 1353 2897 tamen

200 2934 379 2993 Trimalchio
394 2934 441 2992 alii
457 2933 626 2993 Maecenati
647 2934 803 3008 servierat3
826 2944 909 2993 erant
930 2935 1010 3004 enim
1031 2945 1061 2993 et
1082 2933 1151 2994 alii.“
1192 2936 1250 2996 Sed
1267 2936 1374 2996 nobis·

200 3030 322 3106 quidem
337 3032 430 3090 multo
444 3031 626 3090 verisimilius
646 3031 763 3090 videtur
780 3033 950 3092 Petronium
964 3032 994 3090 in
1009 3033 1114 3091 talibus
1135 3033 1222 3092 rebus
1236 3052 1297 3092 non
1311 3034 1352 3093 ita

200 3128 348 3187 curiosum
364 3128 460 3187 fuisse.

240 3335 250 3368 ¹
262 3336 411 3399 Cognomen
423 3342 466 3395 est,
478 3352 531 3384 non
543 3352 668 3400 agnomen
672 3355 679 3396 ;
702 3353 761 3385 nam
771 3337 874 3385 verbum
892 3336 953 3385 illud
964 3341 971 3364 ⁴
981 3339 1122 3400 agnomen’
1136 3337 1258 3388 finxerunt
1269 3353 1351 3402 gram-

198 3419 291 3468 matici.
607 3417 618 3450 ²
631 3419 710 3467 Praei.
724 3420 756 3468 ad
768 3421 807 3468 ed.
819 3419 906 3468 maior.
918 3434 943 3483 p.
955 3418 1014 3470 V11.

240 3499 251 3532 ⁸
263 3501 438 3550 Maecenatem
451 3501 547 3550 circiter
558 3501 651 3551 A.U.C.
661 3501 707 3566 685
721 3508 807 3550 natum
819 3517 873 3550 esse
885 3490 1047 3566 probabiliter
1060 3503 1181 3552 conclusit
1199 3504 1352 3553 Meibomius

197 3583 225 3632 in
235 3583 286 3633 Vit.
299 3584 462 3632 Maecenatis.

238 3665 250 3699 ⁴
262 3665 369 3716 Orellius
379 3666 591 3715 Trimalchionem
600 3667 756 3716 Maecenatis
764 3667 847 3716 liberti
859 3667 975 3716 libertum
987 3667 1061 3716 fuisse
1073 3668 1178 3733 putabat
1190 3667 1281 3734 (Inscr.
1295 3669 1351 3718 Lat.

198 3749 219 3798 1.
230 3764 256 3813 p.
269 3746 330 3812 287)
337 3766 344 3808 ;
366 3764 498 3812 perperam
509 3755 603 3807 tamen,
617 3755 644 3797 ut
656 3749 719 3797 infra
731 3749 963 3799 demonstrabimus.

238 3828 249 3863 ⁶
261 3830 385 3880 Dominus
397 3831 436 3880 cui
446 3830 597 3880 Trimalchio
614 3832 812 3895 quattuordecim
829 3847 909 3880 annos
921 3833 953 3881 ad
965 3832 1067 3881 delicias
1079 3833 1159 3882 fuerat
1176 3834 1265 3898 cuique
1277 3834 1351 3883 heres

197 3912 278 3963 Iactus
288 3919 342 3962 erat
356 3913 406 3978 (cc.
419 3924 459 3979 75,
472 3911 516 3978 76)
531 3913 608 3962 Gaius
621 3915 754 3978 Pompeius
766 3914 818 3963 suit.
853 3914 919 3963 Cave
931 3921 1016 3963 tamen
1029 3923 1102 3979 putes
1114 3916 1351 3980 compropinquum

197 3996 243 4046 Cn.
264 3995 368 4061 Pompei
389 3996 477 4059 Magni
497 3994 585 4055 fuisse,
606 4011 666 4044 nam
688 3996 792 4061 Pompei
815 3996 904 4059 Magni
921 3996 1016 4046 familia
1032 3997 1096 4046 Gaio
1115 3999 1277 4062 praenomine
1298 4015 1350 4048 non

197 4078 313 4128 utebatur
333 4078 498 4143 (Mommsen.
517 4079 626 4128 Hermes
648 4079 724 4128 XIII.
741 4095 767 4144 p.
787 4079 857 4143 118).
890 4078 1101 4129 Trimalchionem
1124 4096 1229 4144 puerum
1252 4083 1350 4132 Rornae

196 4160 272 4210 fuisse
284 4177 314 4210 ex
325 4161 408 4226 capite
420 4174 451 4224 29
463 4160 551 4226 (‘1pse
560 4161 713 4210 Trimalchio
726 4161 855 4226 capillatus
873 4197 879 4212 .
898 4197 904 4212 .
922 4197 929 4212 .
947 4163 1055 4211 Romam
1066 4162 1219 4227 intrabant')
1234 4165 1350 4213 coniece-

196 4250 254 4293 runt
264 4242 311 4292 viri
322 4243 390 4293 docti
394 4260 402 4304 ;
424 4244 469 4293 sed
481 4243 534 4308 ipse
545 4243 696 4293 Trimalchio
708 4243 771 4292 nihil
782 4243 831 4292 tale
843 4243 910 4295 dicit.

237 4323 248 4358 ⁶
260 4325 287 4374 C.
301 4326 446 4384 Maecenas,
458 4341 534 4389 eques
552 4326 688 4385 Romanus,
701 4333 909 4376 commemoratur
927 4342 942 4376 a
959 4327 1088 4387 Cicerone,
1101 4327 1143 4378 Or.
1161 4343 1207 4393 pro
1222 4329 1346 4390 Cluentio,

196 4408 236 4475 56,
251 4418 305 4473 153.
339 4407 422 4472 Quem
438 4415 535 4472 patrem
547 4407 607 4456 clari
624 4407 688 4457 illius
707 4408 862 4464 Maecenatis
879 4408 953 4457 fuisse
971 4425 1023 4458 non
1040 4416 1107 4460 reete
1125 4410 1286 4461 coniecerunt
1303 4411 1350 4461 viri
