3306 5102
651 558 862 639 Quaestzimes
883 559 1110 624 Petronianae.
1416 575 1459 641 29

301 743 475 805 adnotavit:
491 743 671 820 ‘Neapolis’
714 743 774 803 Sed
793 743 967 822 glossarium
989 743 1052 802 eins
1073 760 1181 819 parvae
1197 742 1379 802 auctoritatis
1393 737 1459 816 est‚¹

303 843 360 902 etsi
372 841 426 902 viri
440 839 523 901 docti
536 841 608 901 olim
622 825 748 900 multum
762 840 908 900 momenti
922 841 950 900 ei
964 836 1154 900 tribuebant.²

345 941 399 999 Est
423 949 523 999 autem
548 939 667 998 Petroni
691 939 889 1016 fragmentum
917 937 1015 1017 (XVI.
1039 935 1191 1014 Buech.):
1220 937 1314 997 ‘Satis
1341 945 1458 997 consta·

303 1047 349 1096 ret
373 1055 426 1096 eos
450 1035 506 1096 ulsi
533 1035 688 1095 inclinatos
709 1053 771 1095 non
794 1036 889 1096 solere
910 1035 1033 1094 transire
1053 1044 1188 1111 cryptam
1209 1034 1458 1111 Neapolitanam?

304 1136 376 1194 Hoc
407 1134 604 1212 fragmentum
632 1133 735 1193 Cumis
764 1132 887 1209 quidem
919 1133 1015 1192 minus
1046 1132 1195 1206 convenit,
1223 1141 1324 1192 tamen
1354 1141 1460 1191 contra

305 1232 443 1291 Puteolos
457 1250 519 1290 non
532 1231 622 1305 facit;
643 1241 747 1308 crypta
761 1230 842 1290 enim
863 1230 1062 1307 Neapolitana
1075 1230 1156 1289 haud
1175 1230 1217 1288 ita
1237 1229 1326 1307 longe
1339 1248 1357 1288 a
1372 1231 1459 1288 Pute-

299 1328 358 1389 olis
384 1337 454 1388 erat.
496 1330 649 1387 Incertum
673 1338 718 1387 est
744 1338 845 1387 autem
869 1346 908 1386 an
932 1336 1036 1404 crypta
1063 1327 1146 1386 cuius
1168 1345 1195 1386 c.
1223 1329 1260 1386 16
1285 1327 1398 1387 mentio
1426 1327 1460 1386 fit

304 1427 412 1486 eadem
426 1427 463 1486 sit
476 1444 592 1500 necne;
607 1426 661 1486 sed
676 1426 800 1486 fortasse
812 1425 888 1484 haec
902 1425 933 1484 in
943 1425 1016 1486 urbe
1031 1425 1093 1498 suit,
1108 1435 1141 1484 ut
1154 1424 1295 1485 Studerus
1310 1422 1461 1485 coniecit.8

304 1524 414 1583 Cetera
434 1533 534 1588 autem
555 1533 728 1600 argumenta
749 1540 825 1598 quae
847 1523 967 1599 Ignarra
988 1532 1018 1581 et
1038 1522 1087 1580 alii
1107 1522 1291 1598 protulerunt
1318 1519 1461 1598 puerilia⁴

304 1630 381 1679 sunt.

344 1720 384 1776 At
406 1717 497 1777 multa
519 1727 692 1794 argumenta
714 1728 781 1776 sunt
804 1735 880 1793 quae
902 1727 1007 1777 contra
1030 1717 1147 1776 Pithoei
1170 1718 1346 1776 sententiam
1370 1735 1460 1793 quam

305 1815 431 1874 maxime
455 1814 585 1888 faciunt;
608 1833 624 1874 e
648 1815 754 1890 quibus
778 1815 853 1874 haec
876 1815 937 1873 fere
959 1815 1117 1889 plurimum
1140 1799 1459 1874 auctoritatis'habere

304 1911 449 1971 videntur.

346 2009 476 2067 Primum
490 2027 549 2084 quo
564 2019 699 2084 tempore
714 2009 832 2068 colonia
848 2009 1008 2084 Neapolim
1029 2008 1159 2068 deducta
1180 2001 1217 2067 sit'
1237 2009 1384 2068 incertum
1407 2019 1460 2068 est.

305 2107 384 2164 Nam
405 2123 482 2181 quae
503 2106 533 2163 in
554 2106 629 2165 libro
650 2106 834 2165 coloniarum
859 2105 994 2182 leguntur
1006 2103 1033 2164 :⁶
1054 2105 1243 2181 ‘Neapolim
1259 2125 1344 2164 muro
1362 2106 1462 2167 ducta.

305 2204 368 2262 Iter
391 2203 502 2278 populo
530 2202 657 2262 debetur
670 2202 740 2280 ped.
756 2204 880 2284 LXXX.
916 2202 975 2262 Sed
989 2221 1060 2278 ager
1081 2203 1142 2261 eius
1163 2203 1256 2280 syriae
1278 2200 1464 2280 pulestinae⁶

310 2299 383 2375 (sic)
403 2301 539 2360 aGrecis
554 2311 599 2360 est
619 2301 650 2359 in
671 2301 819 2378 iugeribus
840 2299 1018 2376 adsignatus,
1034 2310 1065 2359 et
1085 2300 1192 2360 limites
1213 2300 1373 2359 intercisivi
1396 2311 1463 2362 sunt

305 2398 466 2470 constituti,
488 2397 564 2457 inter
591 2417 666 2480 quos
690 2408 796 2475 postea
817 2408 848 2456 et
868 2398 951 2456 miles
972 2398 1043 2473 imp.
1064 2397 1126 2456 Titi
1145 2397 1212 2475 lege
1235 2397 1358 2457 modum
1381 2399 1462 2475 iuge-

305 2495 426 2554 rationis
440 2494 480 2553 ob
494 2496 632 2554 meritum
646 2495 783 2571 accepit‚'
799 2513 909 2554 ennon
923 2493 961 2553 ad
977 2495 1137 2570 Neapolim
1151 2495 1334 2571 Campaniae
1356 2495 1409 2556 sed
1423 2496 1463 2556 ad

306 2591 437 2650 Flauiam
452 2593 621 2668 Neapolim,
632 2593 738 2652 urbem
752 2593 849 2670 Syriae
865 2590 1046 2651 Palestinae⁷
1060 2592 1148 2670 plane
1160 2604 1305 2669 spectant.
1344 2593 1463 2653 Deinde
1505 2609 1510 2624 ·

304 2689 458 2767 inscriptio
479 2690 528 2748 illa
546 2689 595 2769 (C.
613 2691 638 2749 I.
654 2690 688 2749 L.
702 2687 740 2749 X.
759 2687 848 2768 1492)
865 2690 913 2749 cui
928 2689 1069 2750 Studerus
1082 2690 1261 2766 permultum
1282 2691 1464 2750 auctoritatis

305 2786 407 2846 tribuit
419 2805 458 2845 ne
473 2787 595 2846 minime
617 2786 740 2862 quidem
761 2786 883 2846 adrem
905 2788 1035 2863 pertinet
1045 2809 1053 2862 ;
1075 2806 1145 2847 nam
1166 2790 1372 2849 Mommsenus
1396 2806 1463 2847 eam

305 2884 401 2959 quarti
415 2894 484 2960 post
497 2884 647 2944 Christum
662 2884 771 2943 saeculi
785 2903 850 2943 esse
870 2883 1033 2944 iudicavit.⁸
1074 2886 1200 2945 Constat
1221 2896 1320 2945 autem
1344 2887 1462 2962 Neapo

305 2980 357 3038 lim
372 2981 525 3040 Ciceronis
539 2981 722 3057 temporibus
737 2981 931 3056 municipium
946 2979 1055 3041 fuisse?
1089 2983 1199 3041 Plinius
1213 3001 1343 3058 quoque,
1359 3001 1461 3058 quam-

346 3128 357 3162 ¹
369 3130 453 3180 Wehli
465 3131 541 3180 ‘Oba
553 3131 613 3181 Crit.
625 3130 652 3179 in
665 3131 825 3190 Petronium:
836 3147 880 3196 pp.
893 3143 965 3196 7-10.

346 3209 406 3263 ²Cf.
420 3213 486 3262 Mus.
499 3213 582 3262 Rhen.
593 3229 651 3263 nov.
664 3214 699 3262 II.
712 3229 736 3278 p.
749 3225 804 3278 207.
1047 3212 1135 3264 ³1bid.
1147 3230 1172 3279 p.
1185 3228 1241 3277 204.

346 3293 357 3327 ⁴
370 3294 408 3345 Cs.
421 3295 486 3345 Mus.
499 3295 582 3345 Rhen.
594 3311 652 3345 nov.
665 3296 700 3346 II.
712 3311 736 3360 p.
751 3309 806 3358 204.
1049 3294 1060 3328 ⁶
1073 3297 1184 3346 Gromat.
1197 3298 1254 3347 Vct.
1269 3298 1290 3347 1.
1302 3313 1327 3363 p.
1340 3311 1395 3364 235.

345 3375 472 3440 ⁸‘Syriae
493 3377 649 3442 palestinae’
667 3379 724 3428 cod.
750 3380 786 3438 A;
807 3379 903 3428 ‘seriae
926 3378 1077 3444 palestinae'
1096 3380 1152 3429 cod.
1177 3379 1211 3440 E;
1233 3380 1313 3443 ‘syria
1334 3388 1360 3430 et
1383 3381 1464 3446 pales·

305 3459 390 3509 tinae’
408 3460 435 3508 P.
469 3460 589 3510 ‘Sirenae
613 3461 803 3525 Parthenopae’
823 3461 885 3510 mire
906 3461 1092 3520 Lachmannus,
1111 3461 1163 3511 iure
1188 3463 1340 3513 emendandi
1365 3464 1464 3514 abusus.

306 3542 463 3591 Lachmanni
474 3543 651 3592 emendatione
670 3545 790 3608 deceptus
807 3543 942 3593 Belochius
956 3543 1056 3609 (Camp.
1068 3560 1093 3609 p.
1105 3544 1151 3608 40)
1163 3545 1288 3596 coloniam
1301 3546 1437 3612 Neapolim
1449 3561 1464 3596 a

304 3624 363 3672 Tito
375 3625 511 3675 deductam
522 3640 576 3674 esse
589 3632 669 3690 putat,
681 3621 782 3675 conlato
794 3626 858 3676 Stati
874 3626 931 3676 loco
945 3626 1019 3691 (Silv.
1032 3628 1067 3698 II.
1079 3640 1103 3686 2,
1118 3627 1187 3692 133).
1223 3629 1274 3679 Sed
1292 3629 1465 3679 Mommsenus

308 3705 350 3771 (C.
362 3706 383 3755 1.
396 3707 426 3756 1..
437 3708 470 3757 X.
486 3721 506 3768 1,
518 3724 544 3773 p.
559 3708 618 3774 171)
634 3710 791 3760 Lachmanni
804 3727 912 3760 errorem
924 3695 1036 3760 correuit.

346 3787 401 3838 '‘In
420 3789 530 3840 nummis
550 3791 624 3841 huius
643 3792 711 3842 urbis
731 3792 835 3857 legitur:
859 3793 983 3846 ‘naucula
1005 3793 1131 3846 Nadronts
1154 3793 1241 3860 Συρίας
1265 3793 1460 3855 Παλαιστίνηε’;

306 3871 412 3931 Eckhel,
424 3873 499 3923 Doct.
511 3875 587 3924 Num.
601 3876 650 3925 Ill.
662 3893 688 3942 p.
700 3890 758 3943 435.

347 3951 398 4005 ⁸C.
416 3955 438 4005 1.
457 3956 485 4006 L.
502 3958 536 4008 Χ.
556 3972 577 4018 1,
594 3975 619 4024 p.
641 3972 701 4026 172:
721 3961 808 4028 ⁸147&
828 3975 890 4024 1492
908 3977 1014 4027 quorum
1030 3962 1072 4011 hic
1089 3961 1186 4012 videtur
1204 3977 1258 4011 esse
1279 3960 1373 4010 saeculi
1392 3975 1417 4024 p.
1435 3959 1464 4010 C.

306 4037 415 4102 quarti’;
440 4038 502 4090 ibid.
522 4055 548 4105 p.
571 4055 631 4108 171:
659 4043 761 4094 ‘titulus
782 4045 836 4094 aevi
855 4044 962 4094 labentis
981 4060 1006 4094 n.
1030 4046 1108 4107 149²!
1150 4045 1207 4107 Quo
1226 4060 1293 4094 anno
1318 4043 1360 4093 hic
1379 4041 1465 4092 titulus

305 4119 412 4185 scriptus
434 4122 466 4171 sit
489 4124 622 4176 nescimus.
656 4125 791 4177 Belochius
813 4143 912 4193 quoque
938 4128 1031 4194 (Camp
1059 4145 1085 4194 p.
1107 4127 1154 4194 40)
1170 4144 1228 4178 eum
1242 4127 1308 4178 tertii
1326 4126 1366 4176 vel
1384 4125 1465 4191 quarti

305 4203 399 4253 saeculi
411 4219 464 4254 esse
477 4213 571 4256 censet.

346 4284 411 4336 ⁹Ad
423 4287 492 4337 Fam.
505 4288 582 4339 XIII.
595 4301 635 4353 3ο,
650 4303 677 4340 r:
697 4291 742 4342 ‘L.
755 4292 866 4343 Manlius
878 4300 915 4343 est
931 4292 1012 4343 Sosis:
1032 4293 1053 4343 is
1070 4292 1116 4342 fult
1128 4291 1279 4352 Catinensis3
1302 4293 1347 4342 sed
1362 4300 1400 4342 est
1414 4309 1464 4342 nna

306 4382 363 4418 cum
382 4368 483 4434 reliquis
500 4370 674 4436 Neapolitanis
692 4373 753 4424 civis
770 4375 900 4425 Romanus
917 4374 997 4424 factus
1014 4374 1165 4440 decurioque
1182 4374 1291 4440 Neapoli
1295 4392 1303 4436 ;
1326 4381 1379 4424 erat
1396 4375 1464 4424 enim
