3306 5102
640 587 851 667 Quaestiones
872 586 1101 651 Petronianae.
1419 605 1446 672 9

287 770 377 832 cendi
392 771 577 832 scribendine
591 771 676 831 ratio.
718 772 824 849 Itaque
838 771 911 830 nihil
931 771 1029 831 obstat
1050 770 1122 847 quin
1143 771 1314 832 Petronium
1335 790 1441 833 cenam

286 858 512 929 Trimalchionis
526 868 614 944 panio
634 868 701 944 plus
721 878 843 927 centurn
862 866 947 927 annis
967 877 1036 944 post
1056 869 1090 928 L.
1112 867 1266 944 Opimium
1287 870 1442 929 consulem

286 966 419 1043 posuisse
433 965 547 1025 credas.
1054 1045 1056 1048 Ι

332 1062 383 1142 (4)
409 1063 478 1124 Sine
493 1062 585 1122 dubio
598 1063 707 1122 Aeneis
721 1061 832 1138 Vergili
852 1062 932 1138 prius
952 1062 1103 1138 aliquanto
1125 1062 1206 1122 edita
1227 1074 1271 1123 est
1292 1082 1382 1139 quarn
1404 1051 1442 1125 ea

287 1179 353 1237 pars
367 1169 530 1220 saturarum
544 1178 620 1236 quae
635 1159 725 1218 hodie
740 1169 834 1219 exstat
848 1170 916 1218 acta
930 1169 983 1220 est.
1020 1162 1168 1219 Personae
1183 1161 1263 1220 enirn
1277 1172 1441 1239 saturarum

286 1257 366 1316 haud
380 1276 446 1317 raro
463 1275 562 1316 versus
584 1275 621 1316 ex
640 1256 774 1316 Aeneide
796 1255 991 1332 depromptos
1011 1257 1042 1314 in
1064 1257 1248 1322 sermonibus
1268 1257 1440 1334 proferunt.1

286 1355 393 1413 Aeneis
420 1364 521 1414 autem
541 1363 610 1430 post
630 1353 740 1430 Vergili
761 1363 889 1413 mortem
910 1353 991 1413 edita
1010 1372 1075 1413 esse
1096 1354 1228 1414 traditur.
1280 1356 1339 1416 Sed
1365 1357 1440 1416 Ver-

285 1451 370 1528 gilius
391 1471 408 1510 e
428 1452 488 1511 vita
508 1451 637 1512 decessit
657 1451 772 1512 A.U.C.
797 1468 873 1528 7353
898 1451 998 1526 itaque
1022 1469 1059 1510 ea
1082 1469 1150 1527 pars
1176 1463 1338 1511 saturarum
1362 1471 1440 1529 quae

286 1559 380 1608 exstat
393 1559 462 1626 post
475 1549 507 1609 id
522 1559 639 1625 tempus
659 1558 727 1607 acta
747 1557 802 1607 est.
844 1549 970 1609 Constat
990 1558 1089 1607 autem
1110 1567 1148 1607 ex
1170 1549 1344 1609 testimoniis
1363 1552 1440 1611 anti·

285 1664 410 1722 quorum
430 1645 566 1705 Aeneida
583 1656 613 1705 et
634 1655 703 1704 ante
716 1645 826 1722 Vergili
848 1656 975 1705 mortem
987 1646 1082 1715 ‚avide
1105 1644 1329 1721 exspectatam²
1349 1658 1379 1707 et
1401 1666 1440 1708 eo

286 1754 402 1803 mortuo
430 1744 491 1803 cito
518 1743 720 1820 pervulgatam
742 1741 828 1802 esse.i
868 1744 974 1819 Itaque
997 1761 1059 1802 non
1082 1744 1188 1803 mirum
1211 1754 1256 1803 est
1280 1744 1305 1803 si
1326 1744 1440 1821 aliquot

285 1841 369 1900 annis
383 1851 451 1917 post
461 1840 623 1918 Vergilium
638 1851 786 1900 mortuum
800 1839 889 1899 etiarn
900 1840 1091 1913 Trimalchio,
1102 1840 1194 1900 homo
1208 1840 1440 1916 indoctissimus,

285 1955 385 1997 versus
399 1956 436 1996 ex
450 1937 583 1997 Aeneide
598 1938 768 1998 memoriter
781 1938 912 2014 proferre
927 1939 1033 2014 potuit.

327 2037 415 2093 Haec
430 2034 490 2094 iere
504 2045 572 2094 sunt
585 2053 662 2110 quae
676 2044 811 2111 tempora
825 2054 843 2093 a
858 2036 995 2095 Petronio
1016 2035 1166 2112 descripta
1187 2040 1223 2093 ‘a
1242 2047 1327 2112 parte
1348 2039 1440 2110 ante,'

286 2140 318 2191 ut
331 2131 499 2192 scholastici
513 2131 663 2205 dicebant,
678 2123 802 2192 definire
816 2132 980 2192 videantur.
1023 2133 1130 2208 Itaque
1143 2133 1288 2208 reliquum
1303 2144 1394 2195 estut
1408 2144 1440 2194 et

285 2233 415 2305 ‘aparte
428 2231 515 2306 post’
531 2248 567 2289 ea
581 2229 766 2289 definiamus.

330 2326 381 2405 (1)
406 2328 574 2404 Imperator
593 2337 677 2404 pater
704 2328 815 2403 patriae
836 2337 958 2386 vocatur
986 2329 1028 2406 (c.
1051 2327 1119 2403 60).
1161 2327 1221 2389 Sed
1240 2328 1385 2403 Tiberius,
1405 2339 1441 2389 ut

285 2425 523 2502 supradiximus,
538 2443 608 2484 eum
621 2425 738 2484 titulum
752 2425 888 2500 accipere
902 2425 1030 2485 nolebat
1075 2427 1180 2500 Itaque
1196 2444 1264 2484 cum
1278 2426 1376 2486 multis
1397 2425 1438 2486 de

285 2522 380 2581 causis
396 2523 501 2581 itinera
520 2523 560 2583 ab
581 2523 729 2598 Encolpio
750 2522 829 2581 sacta
849 2523 879 2580 in
900 2523 957 2582 Gai
979 2523 1178 2598 principatum
1199 2533 1250 2581 aut
1264 2523 1371 2582 Claudi
1386 2535 1439 2582 aut

285 2619 414 2678 Neronis
428 2619 566 2678 incidisse
581 2637 642 2677 non
656 2619 778 2695 possint,
793 2629 910 2679 constat
924 2630 1039 2696 patrem
1052 2621 1133 2679 illurn
1148 2620 1260 2696 patriae
1274 2623 1440 2697 Augustum

285 2715 383 2775 fuisse.
424 2716 485 2776 Sed
497 2718 645 2793 Augustus
659 2727 792 2777 mortuus
806 2727 852 2776 est
865 2718 978 2778 A.U.C.
997 2721 1072 2794 7677
1094 2719 1194 2793 itaque
1216 2735 1292 2776 cena
1311 2718 1438 2776 Trimal-

285 2812 400 2871 chionis
418 2822 487 2872 ante
508 2812 540 2872 id
561 2823 678 2889 tempus
699 2824 766 2873 acta
786 2833 851 2874 esse
872 2815 998 2891 fingitur.
1040 2818 1187 2892 Augustus
1209 2824 1318 2888 autern,
1334 2833 1436 2891 quam·

285 2927 375 2985 quarn
388 2910 500 2970 A.U.C.
519 2927 573 2988 75²
590 2912 680 2986 patris
694 2912 806 2988 patriae
821 2912 937 2971 titulum
958 2913 1020 2972 iure
1042 2913 1214 2988 adsumpsit,
1229 2923 1329 2972 tamen
1350 2923 1441 2972 antea

284 3006 436 3083 aliquanto
460 3017 544 3083 pater
565 3008 677 3084 patriae
701 3027 719 3068 a
742 3009 855 3085 populo
879 3007 1060 3069 vocabatur.⁴
1101 3011 1205 3085 Itaque
1234 3010 1304 3068 licet
1325 3027 1440 3069 cenam

284 3104 510 3164 Trimalchionis
537 3105 687 3181 aliquanto
714 3115 783 3166 ante
804 3125 874 3166 eum
899 3107 1016 3166 titulum
1035 3105 1226 3183 adsumptum
1247 3117 1345 3166 actam
1372 3125 1440 3166 esse

284 3211 380 3277 putes.

329 3299 379 3376 (2)
406 3299 536 3359 Octavus
550 3300 659 3359 mensis
673 3299 743 3359 anni
759 3300 875 3360 Sextilis
888 3310 1010 3378 vocatur
1025 3301 1067 3377 (c.
1084 3297 1153 3378 53).
1190 3301 1249 3361 Sed
1264 3301 1372 3360 mensis
1386 3302 1438 3377 qui

284 3405 373 3455 antea
390 3396 504 3456 Sextilis
523 3397 617 3456 iuerat
637 3398 753 3458 A.U.C.
776 3399 831 3473 746
853 3401 1001 3475 Augustus
1022 3397 1120 3457 dictus
1141 3408 1195 3457 est.
1237 3399 1342 3474 Itaque
1363 3417 1450 3458 cena.

283 3493 511 3553 Trimalchionis
525 3504 594 3553 ante
608 3494 641 3553 id
654 3505 772 3571 tempus
787 3505 854 3554 acta
868 3506 922 3555 est.

325 3590 411 3666 Quae
425 3609 494 3650 cum
507 3591 550 3651 ita
562 3591 629 3664 sint,
641 3591 718 3651 hanc
731 3592 793 3651 fere
807 3611 904 3652 rerum
920 3587 951 3651 et
964 3602 1134 3670 temporum
1149 3592 1255 3651 seriem
1270 3592 1423 3653 habemus.

325 3807 336 3842 ¹
349 3811 408 3860 Hoc
424 3809 519 3860 saciant
535 3811 738 3877 Trimalchio'(c.
750 3811 795 3877 39)
811 3819 836 3862 et
852 3813 990 3878 Eumolpus
1004 3813 1054 3877 (cc.
1070 3811 1209 3876 111,112).
1246 3813 1336 3862 Servus
1353 3819 1439 3862 autem

183 3949 186 3954 Δ
284 3892 438 3943 Habinnatis
453 3894 569 3943 Aeneida
585 3895 674 3945 recitat
688 3895 724 3960 (c.
742 3895 787 3960 68)
806 3896 902 3961 etipse
920 3895 1063 3961 Encolpius,
1075 3911 1157 3946 rerum
1174 3902 1300 3959 gestarum
1317 3901 1440 3953 narrator,

282 3974 441 4038 Vergilianos
460 3991 545 4026 versus
564 3975 603 4026 bis
620 3976 715 4042 profert
734 3978 784 4043 (cc.
803 3978 843 4037 61,
866 3977 936 4043 132).
970 3977 1008 4028 Cs.
1027 3994 1048 4028 c.
1066 3977 1107 4038 68,
1123 3977 1266 4028 ‘Miscebat
1283 3976 1441 4026 Atellanicos

282 4072 368 4106 versus
378 4065 406 4107 ut
417 4065 477 4108 tunc
488 4058 595 4123 primum
607 4075 647 4108 me
660 4060 736 4109 etiam
747 4060 871 4124 Vergilius
883 4061 1015 4111 offenderit
1024 4062 1043 4120 ’7
1066 4076 1088 4111 o.
1103 4059 1157 4120 118,
1169 4060 1313 4111 ‘Homerus
1329 4059 1399 4107 testis
1412 4065 1441 4107 et

282 4138 353 4203 lyrici
365 4141 543 4206 Romanusque
552 4142 677 4205 Vergilius
689 4150 713 4193 et
726 4143 826 4193 Horatii
839 4144 935 4194 curiosa
946 4142 1069 4193 felicitas)

324 4220 460 4288 ²Propert.
473 4223 507 4272 11.
520 4236 560 4288 34,
573 4224 646 4290 65-6.

324 4302 420 4356 ⁸Ouid.
432 4307 519 4356 Amor.
532 4306 553 4356 1.
568 4319 606 4372 15,
618 4320 662 4373 253
681 4308 755 4358 Trist.
772 4309 808 4357 ΙΙ.
823 4320 883 4373 5335
904 4310 959 4358 Art.
973 4311 1031 4358 Am.
1044 4307 1094 4358 111.
1108 4319 1170 4372 337;
1191 4307 1293 4358 Sueton.
1306 4307 1338 4357 de
1350 4305 1440 4356 Gram-

283 4393 342 4438 mat.
355 4403 377 4440 e.
392 4400 429 4452 ¹3·
520 4386 531 4422 ⁴
543 4388 594 4438 Dio
604 4389 657 4439 LV.
668 4401 711 4449 103
727 4387 758 4438 ci.
768 4389 795 4438 C.
806 4389 827 4438 1.
841 4389 870 4438 L.
884 4389 919 4439 11.
929 4405 953 4438 n.
964 4402 1028 4455 2107
1040 4389 1147 4454 (ΑΜ
1159 4388 1235 4454 748);
1250 4388 1311 4438 ibid.
1319 4388 1340 4438 1.
1348 4404 1373 4453 p.
1382 4387 1438 4451 386.
