3306 5102
221 597 246 673 6
666 606 929 690 Hmfflm

222 787 297 850 nus¹
325 800 355 850 et
382 786 675 866 statuerentur
703 795 836 866 apertam
863 784 1023 850 uerborum
1050 791 1172 851 Petroni
1198 793 1378 852 &mant

222 879 338 948 amoliri
351 888 451 948 conati
465 892 541 946 sunt.
584 885 664 946 Nam
678 887 739 946 sive
758 886 862 946 vinum
880 887 952 946 ilud
972 895 1078 946 vetum
1097 886 1293 965 Opimmnunt
1312 893 1378 948 mat

222 986 286 1046 sive
305 985 419 1059 salsum,
433 981 622 1058 Trimalchio,
645 983 740 1043 horno
757 985 893 1043 omniurn·
911 977 1151 1058 iactamissimust·
1168 986 1272 1045 vinum
1289 993 1377 1046 suunt

223 1089 313 1160 quam
334 1083 563 1142 vetustissimum
583 1081 677 1141 videri
703 1081 805 1141 voluit.
862 1083 967 1158 Itaque
991 1083 1150 1142 verisimile
1178 1093 1223 1143 est
1243 1083 1378 1159 pittacia

221 1183 299 1256 quae
324 1179 435 1257 speciei
459 1185 549 1239 c'ausa'
571 1180 603 1238 in
627 1179 777 1255 amphoris
804 1186 887 1238 crarn
914 1177 1021 1254 adfine,-
1046 1185 1180 1240 aesaanr-
1203 1181 1287 1257 quasi
1314 1181 1376 1240 veti

223 1277 375 1354 Opimiani
395 1273 550 1336 indicasse.
593 1275 682 1351 Quae¹
700 1283 770 1334 cuni
790 1275 831 1335 ita'
852 1267 920 1349 sint,
941 1277 1099 1336 Petronius·
1120 1289 1227 1336 cenarit
1250 1277 1377 1336 Trimal:

222 1367 338 1434 chionis
358 1372 476 1433 circiter
496 1382 617 1432 centurn
638 1359 724 1432 annis
743 1369 811 1449 post
832 1372 866 1432 L.
888 1373 1046 1449 Opimium
1063 1375 1216 1433 consulem
1241 1375 1376 1450 posuisse

221 1471 345 1531 videtin.

263 1568 382 1628 Deinde
404 1567 566 1643 Encolpius
591 1568 665 1627 haec
687 1567 726 1627 de
746 1568 966 1628 Trimalchione
990 1577 1088 1628 narrat
1114 1569 1156 1648 (c.
1179 1567 1256 1646 31):
1283 1567 1377 1644 ‘Ipse
1468 1559 1470 1564 ’
1501 1587 1503 1594 ⁴

223 1666 329 1726 erectis
349 1682 437 1741 supra
458 1665 584 1724 lr'ontem
605 1663 743 1725 manibus
762 1665 867 1742 Syrum
887 1665 1060 1725 histrionem
1083 1663 1252 1738 exhibebat,
1273 1666 1376 1725 conci-¹

222 1774 313 1823 n'ente
328 1772 391 1822 tota
405 1760 532 1821 familia:
555 1759 671 1832 Μάδεια,
686 1761 895 1840 Heptatheos*
936 1763 1021 1838 Quae
1034 1764 1125 1823 verba
1143 1763 1168 1822 si
1187 1780 1256 1822 cum
1275 1757 1376 1839 capite

222 1879 258 1940 55
273 1861 417 1933 conferas,
432 1861 554 1936 ‘Symm
574 1859 764 1919 histrionem’
778 1859 963 1919 notissimum
984 1861 1066 1918 illum
1079 1861 1203 1920 mimum·
1218 1860 1375 1919 Publilium

221 1959 328 2035 Syrum·
347 1958 435 2017 fuisse
456 1957 594 2016 facillime
619 1957 785 2032 suspiceris.
838 1957 930 2031 Quod
950 1958 974 2016 si
994 1967 1096 2017 'v'erum
1118 1967 1171 2030 est,
1191 1957 1373 2016 Trimalchio

222 2055 379 2116 Publilium
400 2064 540 2132 agentem
559 2055 590 2112 in
612 2072 719 2114 scaena
741 2053 856 2112 viderat
866 2075 875 2128 ς
900 2055 951 2130 qui
972 2055 1052 2113 enirn
1076 2055 1174 2132 potuit
1197 2055 1372 2114 ‘exhibere'

221 2155 346 2212 mimum
374 2153 430 2212 nisi
458 2169 527 2211 eum
553 2162 692 2228 agentem
721 2151 881 2227 aliquando
908 2151 1051 2211 vidisset?
1106 2152 1246 2211 Publilius
1274 2161 1375 2210 autem

222 2258 371 2328 superstes
391 2250 444 2308 fuit
465 2249 585 2309 Caesari
606 2259 636 2308 et
661 2246 809 2322 Laberio‚⁴
828 2248 882 2308 sed
906 2266 968 2324 quo
991 2257 1070 2308 anno'
1094 2259 1227 2308 mortuus
1252 2249 1289 2308 sit
1312 2265 1375 2308 non

221 2348 362 2408 traditum
390 2357 443 2406 est.
486 2347 591 2422 Itaque
616 2347 640 2405 si
659 2337 841 2405 Trimalchio
866 2337 1022 2405 Publilium
1047 2347 1079 2405 in
1103 2359 1211 2406 scaena
1234 2355 1374 2423 agentem

220 2446 344 2519 viderat,
357 2462 453 2522 paene
468 2444 595 2503 efficitur
608 2459 716 2502 cenam
727 2437 850 2520 Augusti
864 2453 961 2502 aetate
975 2454 1072 2502 actam
1087 2461 1159 2502 esse.

262 2542 407 2618 Quintum
431 2551 530 2600 autern
555 2549 761 2617 argumentum
785 2541 931 2616 praebent
953 2541 1044 2600 verba
1068 2555 1145 2616 quae
1170 2557 1197 2600 c.
1224 2540 1373 2616 ascripta

220 2639 363 2717 legimus:
387 2637 512 2715 ‘Nuper
529 2643 653 2697 ventosa
673 2638 764 2697 istaec
789 2647 820 2696 et
840 2638 970 2697 enormis
993 2637 1157 2713 loquacitas
1180 2637 1312 2696 Athenas
1336 2647 1374 2695 ex

165 2741 167 2744 ’
220 2738 291 2797 Asia
315 2736 519 2813 commigravit
544 2735 717 2811 animosque
742 2735 880 2793 iuvenum
905 2735 944 2794 ad
968 2749 1075 2812 magna
1103 2745 1257 2812 surgentes
1283 2734 1373 2793 veluti

221 2835 371 2912 pestilenti
395 2832 527 2910 quodam
552 2832 648 2892 sidere
671 2831 799 2892 afflavit!
851 2834 943 2891 Hunc
967 2833 1067 2892 locum
1095 2833 1222 2892 Beckius
1249 2832 1372 2908 copiose
1464 2876 1466 2880 .

221 2931 371 3009 docteque
398 2931 533 2990 tractavit
543 2927 574 3004 3³
610 2939 714 2989 vereor
740 2939 842 2988 tamen
869 2947 907 2988 ne
935 2947 1039 3006 parum
1067 2930 1249 2990 auctoritatis
1275 2929 1373 2988 verbis

222 3030 343 3090 Petroni
369 3027 551 3112 adtribuerit.
593 3029 672 3086 Nam
697 3027 855 3104 Dionysius
876 3027 1152 3101 Halicamassensis,
1174 3028 1226 3103 qui
1249 3025 1373 3104 Augusti

221 3127 356 3189 Caesaris
384 3126 567 3202 temporibus
595 3122 701 3198 floruit,
725 3124 765 3184 de
793 3125 923 3184 Asiatica
950 3125 1120 3202 eloquentia
1147 3125 1189 3184 sic
1217 3123 1373 3201 scripsitz⁶

220 3225 239 3302 ἡ
253 3225 304 3301 μὶν
318 3221 438 3300 Ἀττικὴ
452 3225 556 3282 Μοῦσα
570 3222 614 3280 καὶ
629 3223 730 3301 ἄρχαᾶι
744 3222 789 3281 καὶ
802 3221 946 3301 αὕτόχθων
959 3223 1062 3283 ἄτοπον
1075 3222 1186 3298 εἰλήφει
1200 3224 1305 3300 σχῆμα,
1317 3225 1373 3284 τῶν

221 3323 319 3398 dumis
343 3322 503 3380 lxrreoot'ioa
527 3317 654 3398 ἀγαθῶν·
675 3319 693 3396 ἡ
719 3315 746 3378 δ’
768 3319 804 3378 ἔκ
828 3342 931 3380 τινων
953 3319 1143 3397 βαράθρων
1166 3321 1227 3394 τῆς
1251 3317 1372 3382 Ἀσίας

260 3504 272 3540 ¹
284 3506 442 3555 Burmannus
452 3503 480 3552 in
490 3500 578 3553 adnot.
591 3500 624 3553 ad
635 3503 684 3552 loc.
697 3503 761 3553 haec
773 3503 885 3568 scripsit:
904 3503 1003 3552 ‘Potuit
1015 3510 1040 3552 et
1051 3503 1136 3552 titulus
1147 3503 1189 3552 ille
1201 3502 1286 3552 affixus
1296 3502 1372 3554 luisse

220 3593 287 3638 anno
296 3587 434 3637 centesimo
442 3592 500 3651 post
509 3586 603 3650 Opimii
614 3585 770 3634 consulatum
779 3593 804 3634 et
813 3586 848 3635 ita
859 3592 955 3635 mutato
968 3601 1110 3650 possessore
1120 3586 1153 3635 ad
1160 3580 1372 3636 Trimalchionem

219 3670 324 3729 venisse,
336 3669 379 3733 qui
390 3667 462 3732 plura
473 3667 520 3716 sibi
532 3681 547 3716 a
558 3673 665 3731 patrono
676 3667 764 3717 relicta
775 3667 851 3716 iactat
863 3683 884 3718 c.
899 3669 947 3733 52!
981 3668 1032 3718 Sed
1049 3668 1113 3718 haec
1131 3667 1275 3718 coniectura
1292 3667 1372 3718 incer·

219 3752 313 3800 tissima
325 3758 371 3800 est.
749 3748 852 3799 2Ριιεί.
867 3751 900 3800 ad
912 3751 951 3800 ed.
963 3751 1050 3799 maior.
1064 3766 1090 3815 p.
1102 3751 1178 3800 VIII.

260 3831 357 3884 8Ηιοε
374 3832 458 3893 verba,
474 3847 539 3897 quae
556 3833 583 3881 in
600 3833 687 3882 codice
702 3829 862 3896 Traguriensi
879 3847 931 3881 non
946 3829 1048 3882 Graecis
1065 3833 1153 3882 litteris
1170 3833 1214 3882 sed
1230 3833 1372 3897 vulgaribus

218 3923 277 3966 sunt
287 3916 388 3980 scripta,
397 3915 566 3964 Buechelerus
576 3915 727 3980 principium
739 3915 829 3964 cantici
842 3915 961 3964 saltatorii
973 3914 1048 3964 luisse
1056 3921 1135 3979 putat.
1170 3915 1275 3978 Quod'
1256 3929 1277 3965 st
1285 3927 1371 3966 verum

218 4005 264 4060 est,
277 3998 380 4048 fortasse
392 3997 418 4047 id
430 3997 556 4046 canticum
567 4013 625 4062 pars
636 3997 705 4047 mimi
718 4003 779 4046 erat.

259 4080 385 4131 ⁴Sueton.
403 4095 427 4147 p.
447 4092 503 4146 295,
521 4093 552 4129 22
571 4080 660 4139 Roth.;
682 4080 790 4129 Hieron.
809 4079 903 4129 Chron.
919 4080 952 4129 ad
969 4079 1068 4145 Olymp.
1080 4075 1250 4142 CLXXXIV,
1271 4081 1325 4132 Cic
1338 4082 1372 4132 ad

217 4165 270 4214 Att
282 4165 428 4225 XIV.‚;21
450 4161 481 4213 cl.
495 4162 608 4212 Macrob.
623 4161 658 4212 ΙΙ.
671 4175 693 4227 7,
706 4161 763 4224 6-9.

258 4244 288 4279 ⁵‘
281 4248 352 4312 Age
364 4246 393 4297 ol
407 4246 538 4296 Petronius
549 4244 665 4303 Arbiterss
677 4259 719 4308 pp.
732 4256 820 4310 5⁰·51·

258 4327 338 4379 ⁸Iud.
352 4329 447 4378 deant.
465 4333 526 4377 orat.
538 4324 618 4392 prael.
632 4339 655 4375 c.
672 4339 692 4374 1
727 4326 841 4375 Fortasse
859 4327 990 4376 Petronius
1007 4327 1075 4377 huuc
1094 4327 1200 4392 Dionysi
1216 4327 1323 4378 locnm'
1316 4329 1370 4378 nni·

217 4417 339 4462 tatusest.
374 4410 413 4461 Cf.
427 4411 530 4460 Sueton.
542 4408 600 4459 Oct.
614 4423 636 4457 c
648 4407 693 4467 86;
715 4407 778 4456 Plut.
792 4410 887 4457 Anton.
903 4421 961 4457 c..2
1007 4449 1008 4452 ,
