3306 5102
231 633 272 698 m
677 616 1016 699 mmmm.

230 799 352 868 pubium
364 798 545 866 symrmimm·
591 835 967 852 ··········
1002 838 1009 869 r
1044 839 1050 852 ·
1083 838 1092 869 .·
1126 837 1133 850 ·
1168 838 1174 852 ·
1202 814 1281 878 effi
1302 801 1387 868 ⁶¹·532

231 880 274 946 (C.
290 879 448 946 Scribonius)
462 881 546 940 Curio,
558 880 671 931 tribunus
682 881 717 947 pl.
728 883 823 934 A.U.C.
836 894 885 952 704
920 919 1255 936 .........
1295 897 1387 954 §.1242

230 963 330 1013 Servius
345 963 485 1028 (Sulpicius
497 963 601 1028 Rufus),
614 965 701 1032 consul
713 965 807 1015 ΑΜ.
821 977 876 1030 703,
887 966 941 1015 iure
953 966 1081 1018 consultus
1125 1002 1132 1034 3
1167 1003 1174 1017 .
1208 1003 1215 1017 .
1249 1003 1256 1034 .·
1304 979 1387 1040 c.137

232 1045 284 1110 (M.
295 1045 405 1111 Tullius)
420 1047 508 1096 Cicero
548 1081 720 1098 .....
733 1079 735 1086 ,
755 1082 1173 1099 ............
1198 1065 1235 1098 cc.
1248 1062 1275 1113 33
1298 1062 1311 1115 5
1317 1067 1325 1109 ;
1347 1061 1387 1115 55.

233 1127 289 1193 (P.)
303 1128 428 1194 Vergilius
442 1127 543 1195 (Maro)
589 1164 1173 1182 ...............
1215 1147 1251 1180 cc.
1264 1131 1308 1191 683
1333 1120 1390 1182 rid.

273 1309 316 1367 Hi
344 1325 449 1368 omnes
477 1307 630 1368 Ciceronis
657 1317 689 1368 et
715 1310 839 1386 Augusti
866 1319 963 1370 astate
990 1311 1135 1371 vixenmt.
1177 1313 1283 1388 ltaque
1311 1312 1387 1371 haec

230 1406 353 1465 nomina
366 1415 497 1465 nostram
512 1406 688 1466 sententiam
702 1406 876 1466 confirmare
889 1408 1035 1468 videntur.

272 1502 393 1563 Deinde
404 1503 578 1563 Buecheleri
588 1503 734 1562 sententia
748 1504 902 1564 tractanda
913 1515 966 1564 est.
995 1507 1049 1565 Ille
1059 1507 1139 1566 enim
1152 1507 1222 1566 talia
1235 1504 1388 1584 scripsit:²
1431 1499 1433 1504 ’

230 1600 346 1660 ‘Licuit
359 1619 432 1660 vero
445 1600 478 1660 ln
490 1600 549 1660 hoc
563 1619 671 1677 genere
686 1600 858 1674 fabularum,
872 1601 956 1677 quod
969 1621 988 1662 a
1000 1604 1119 1664 morosa
1135 1605 1293 1663 subtilitate
1315 1603 1387 1665 alie·

229 1716 302 1757 num
316 1698 476 1774 ingenuam
490 1698 620 1773 sequitur
634 1699 831 1771 festivitatem,
847 1709 877 1758 et
898 1700 1063 1778 antIquiora
1077 1711 1108 1760 et
1121 1703 1285 1778 posteriora
1298 1702 1388 1778 paulo

229 1795 432 1873 neglegentius
461 1794 635 1869 admiscere,
662 1797 743 1855 velut
763 1815 794 1872 p.
819 1799 885 1870 148,
906 1817 925 1870 4
950 1797 1006 1856 iter
1033 1799 1174 1858 iacientes
1204 1799 1343 1858 dicuntur
1369 1818 1389 1858 a

229 1893 316 1954 vilico
328 1893 516 1970 quaesivisse,
527 1893 609 1969 quod
620 1912 712 1970 genus
721 1894 929 1969 negotiationis
944 1895 1135 1955 Crotoniatae
1149 1897 1307 1972 praecipue
1319 1915 1387 1972 pro-

229 1993 336 2051 barent
350 2001 418 2068 post
431 1991 545 2050 attritas
566 1991 650 2050 bellis
665 1991 866 2067 frequentibus
881 2010 955 2068 opes
970 2003 1122 2068 tamquam
1137 1995 1226 2052 etiam
1240 2004 1303 2052 tum
1318 1994 1387 2053 civi·

230 2099 275 2148 tas
289 2089 338 2148 illa
352 2090 383 2148 in
397 2107 458 2162 sua,
473 2088 580 2148 nonin
594 2088 696 2164 populi
718 2089 847 2148 Romani
868 2099 1015 2165 potestate
1030 2100 1119 2165 atque
1142 2090 1278 2150 universa
1302 2091 1389 2150 Italia

229 2205 291 2247 non
306 2186 419 2246 dudum
444 2197 552 2264 pacata
573 2196 659 2259 esset,
675 2196 705 2245 et
727 2205 757 2263 p.
774 2191 819 2264 76.
844 2206 880 2246 so
902 2187 1058 2246 Plocamus
1080 2186 1333 2246 adulescentulum
1355 2207 1388 2247 se

229 2285 369 2361 gloriatur
383 2285 414 2344 in
429 2283 579 2343 cantando
595 2302 697 2360 parem
711 2303 773 2343 non
795 2284 932 2344 habuisse
953 2284 1009 2343 nisi
1027 2302 1119 2343 unum
1133 2284 1279 2360 Apellem,
1294 2285 1388 2343 famil·

229 2382 321 2440 iarem
340 2382 490 2458 Caligulae
506 2382 792 2458 celeberrimumque
815 2383 891 2442 inter
905 2382 1042 2458 aequales
1060 2381 1235 2458 tragoedum
1253 2382 1388 2459 (Cassius

230 2480 290 2539 Dio
312 2480 439 2538 LVIIII.
467 2477 515 2556 5),
538 2489 568 2538 et
596 2498 626 2555 p.
642 2482 690 2539 86.
716 2501 751 2557 19
772 2481 954 2540 Trimalchio
981 2480 1098 2538 cantica
1125 2480 1216 2539 fertur
1242 2479 1393 2552 lacerasse

231 2577 420 2650 Menecratis,
437 2577 461 2636 si
476 2577 525 2635 hic
540 2587 585 2636 est
600 2579 787 2638 Menecrates
802 2595 892 2653 quem
906 2576 1112 2636 citharoedum
1127 2578 1210 2636 Nero
1224 2577 1385 2652 triumpha-

229 2675 301 2733 lium
323 2675 452 2733 virorum
468 2673 590 2734 donavit
608 2674 780 2754 (Suetonius
795 2675 923 2734 Neronis
937 2692 1004 2750 cap.
1020 2674 1102 2750 30).’
1144 2675 1249 2749 Itaque
1270 2675 1294 2733 si
1316 2675 1390 2732 Bue-

231 2772 381 2830 chelerum
398 2772 539 2847 sequeris,
554 2771 631 2830 hanc
644 2790 743 2830 rerum
757 2781 788 2832 et
800 2782 969 2848 temporum
983 2772 1089 2830 seriem
1103 2771 1266 2831 habebitis:

230 2971 325 3020 Croton
338 2969 364 3019 in
376 2969 464 3035 populi
478 2970 587 3019 Romani
598 2977 749 3035 potestatem
761 2971 855 3022 revenit
867 2971 965 3020 circiter
1010 3006 1016 3020 .
1051 3006 1058 3020 .
1092 3005 1099 3020 .
1133 3004 1139 3017 .
1175 3006 1181 3020 .
1214 2969 1308 3020 A.U.C.
1322 2969 1377 3036 560.

230 3053 324 3102 Vinum
338 3053 499 3117 Opimianum
512 3069 635 3102 annorum
647 3061 748 3103 centnm
760 3054 805 3103 tuit
843 3088 1181 3104 .........
1214 3052 1309 3102 A.U.C.
1323 3051 1390 3117 733,2

231 3135 362 3184 Petronius
376 3135 446 3184 tinxit
458 3135 566 3201 Encolpi
579 3136 668 3185 itinera
680 3136 795 3185 incidisse
812 3136 839 3184 in
856 3136 956 3186 ultimos
973 3151 1053 3184 annos
1070 3135 1159 3200 quibus

236 3227 238 3231 “
298 3218 419 3282 regnabat
437 3253 1226 3269 ....................
1266 3216 1388 3284 Tiberius,

230 3299 333 3365 Apelles
346 3300 428 3350 floruit
442 3308 564 3365 regnante
604 3335 1270 3352 .................
1316 3299 1388 3348 Gaio.

231 3382 392 3432 Menecrates
407 3382 489 3432 floruit
501 3389 622 3447 regnante
646 3417 1229 3435 ...............
1277 3382 1387 3438 Nerone.

270 3569 310 3626 At
327 3585 508 3644 quamquam
524 3566 755 3627 concedendurn
768 3578 813 3627 est
827 3567 984 3642 scriptores
1006 3566 1143 3642 antiquos
1165 3565 1197 3629 in
1217 3567 1323 3626 talibus
1344 3584 1389 3628 res

231 3664 286 3725 bus
313 3663 551 3741 neglegentiores
577 3665 674 3738 fuisse,
704 3675 805 3724 tamen
839 3664 1010 3724 Petronium
1043 3664 1171 3723 lectores
1198 3672 1260 3723 tam
1287 3673 1389 3738 aperte

231 3772 352 3839 tamque
382 3761 525 3821 audacter
552 3761 735 3821 ludificatum
760 3780 824 3821 esse
848 3779 1010 3838 pernegare
1031 3779 1118 3820 ausus
1139 3761 1206 3820 sim.
1250 3760 1341 3835 Quod
1366 3760 1391 3819 si

231 3860 394 3936 Encolpius
419 3861 543 3938 Augusti
569 3860 753 3937 temporibus
781 3860 812 3918 in
834 3860 1029 3935 Campaniam
1052 3859 1168 3920 venisse
1192 3859 1319 3936 fingitur,
1334 3860 1390 3918 hae

231 3957 420 4018 difficultates
438 3959 522 4019 facile
540 3960 641 4020 evitari
655 3968 788 4037 possunt.
1117 3972 1118 3975 ’

271 4058 320 4116 De
335 4075 472 4122 sermone
490 4068 590 4118 autem
605 4069 767 4118 saturarum
781 4057 853 4118 nihil
872 4055 1062 4121 scribendum
1083 4056 1255 4130 statuimus,
1275 4075 1345 4115 nam
1359 4054 1391 4130 id

230 4153 313 4232 quod
330 4157 529 4216 Buechelerus
545 4156 690 4228 adfirmat,
705 4175 798 4234 genus
815 4155 958 4216 sermonis
974 4165 1127 4230 artemque
1147 4163 1309 4214 metrorum
1331 4171 1391 4215 non

276 4351 287 4386 ¹
300 4353 379 4402 Praei.
392 4354 425 4404 ad
438 4355 476 4404 ed.
489 4353 576 4404 maior.
589 4369 614 4418 p.
625 4352 700 4402 VIII.

276 4432 288 4468 ²
301 4436 369 4486 Huic
381 4436 417 4484 rei
429 4434 598 4489 Buechelerus
609 4450 691 4500 paene
703 4434 797 4484 nullam
808 4433 981 4484 auctoritatem
993 4433 1086 4484 tribuit.
