3306 5102
616 585 827 664 Quaestiones
849 587 1076 656 Retronianae.
1389 601 1430 670 115

275 771 355 834 ribus
369 770 475 843 uomit,
490 768 636 846 dilapsam
645 769 782 846 *picmrae
797 779 891 830 artem
902 767 1092 846 -deploravit.¹
1125 772 1233 845 ltaque
1250 787 1431 846 quamquam

276 867 429 932 Petronius
449 865 577 926 Neronis
592 865 782 942 temporibus
795 866 900 925 vixisse
921 865 1047 941 videtur,
1063 876 1163 926 tamen
1182 883 1243 924 non
1266 867 1372 932 mirum
1391 883 1436 930 est

274 965 300 1025 si
329 963 508 1039 Encolpium
529 973 559 1022 et
581 961 761 1040 Eumolpum
782 963 822 1024 de
842 963 975 1039 picturae
996 964 1075 1022 exitu
1097 953 1213 1024 circiter
1234 965 1348 1026 A.U.c.
1378 986 1435 1044 740

270 1065 389 1124 locutos
404 1080 468 1122 esse
489 1061 582 1120 finxit.
624 1061 751 1120 Beclrius
765 1070 870 1124 ,autem
882 1070 967 1136 putat
988 1061 1085 1136 ipsum
1109 1061 1280 1124 Petronium
1298 1065 1436 1126 Zeuxidis

265 1173 307 1223 eet
322 1162 433 1238 Apellis
448 1171 478 1220 et
499 1160 672 1237 Protogenis
686 1159 799 1220 tabulas
813 1161 929 1219 Romae
939 1157 1047 1218 vidisse
1064 1159 1194 1237 indeque
1211 1179 1260 1220 eas
1276 1161 1316 1225 ad
1331 1163 1435 1224 urbem

275 1259 458 1336 Campaniae
472 1259 555 1335 quasi
576 1259 696 1318 fictione
720 1257 849 1334 quadam
871 1255 1092 1328 emmisset
1121 1260 1160 1316 At
1182 1259 1305 1318 fortasse
1319 1261 1435 1322 tabulae

275 1358 342 1418 illae
355 1357 479 1434 Augusti
505 1357 689 1434 temporibus
713 1355 744 1420 in
763 1357 836 1420 urbe
865 1357 1046 1433 Campaniae
1063 1357 1178 1416 fuerant
1189 1355 1219 1430 3⁸
1252 1358 1335 1434 quod
1365 1376 1433 1419 cum

276 1456 364 1514 sciret
385 1455 548 1528 Petmnius,
564 1455 744 1530 Encolpium
765 1455 807 1515 ibi
827 1473 877 1514 eas
890 1454 999 1514 vidisse
1027 1443 1120 1516 finiit.

315 1553 495 1612 Trimalchio
508 1562 610 1611 autem
623 1552 699 1610 sevir
711 1552 877 1628 Augustalis
892 1552 946 1611 fuit
959 1553 1000 1630 (c
1018 1571 1076 1629 303
1098 1552 1137 1611 cf.
1157 1551 1209 1627 71)
1224 1562 1255 1611 et
1272 1553 1435 1612 Hermeros

274 1650 352 1711 sevir
371 1651 460 1728 gratis
481 1651 575 1710 factus
596 1660 641 1708 est
658 1651 700 1727 (c.
716 1648 784 1728 57).
826 1651 931 1727 Itaque
953 1668 1062 1726 operae
1084 1650 1212 1726 pretium
1233 1659 1278 1710 est
1294 1667 1434 1725 quaerere

275 1765 336 1823 quo
350 1757 486 1824 tempore
505 1747 709 1824 Augustalium
723 1746 798 1810 ordo
812 1747 960 1808 institutus
980 1747 1027 1808 sit.
1071 1747 1139 1823 Qua
1161 1748 1201 1812 de
1224 1766 1254 1806 re
1277 1747 1330 1806 viri
1352 1747 1435 1808 docti

275 1845 401 1906 multum
421 1845 532 1920 diuque
553 1844 763 1904 dissensemnt.
805 1844 864 1906 Sed
885 1856 917 1904 ut
937 1854 1037 1904 vetera
1058 1855 1089 1904 et
1109 1845 1222 1904 incerta
1254 1845 1434 1918 omittamus,

276 1952 335 2002 tres
355 1941 562 2017 inscriptiones
586 1942 722 2002 inventae
751 1939 838 2001 sunt⁴
861 1943 1025 2018 exquibus
1051 1952 1167 2002 constat
1194 1942 1329 2001 ordinem
1353 1942 1434 2000 illum

275 2050 346 2098 ante
367 2042 530 2115 Augustum
552 2049 701 2100 mortuum
728 2039 921 2099 constitutum
949 2057 1023 2100 esse.
1066 2040 1124 2098 His
1150 2049 1250 2098 autem
1272 2040 1434 2116 pensitatis,

277 2139 482 2198 Mommsenus
506 2137 642 2197 ordinem
669 2137 870 2213 prioreparte
898 2137 1021 2214 Augusti
1042 2137 1224 2213 principatus
1249 2147 1347 2195 ortum
1371 2155 1434 2196 esse

266 2234 468 2312 *probabiliter
488 2231 653 2293 conclusit.l
694 2234 785 2309 Quod
807 2236 862 2293 etsi
882 2235 1022 2294 incertius
1036 2245 1089 2307 est,
1106 2245 1206 2294 tamen
1222 2245 1353 2294 nostram
1369 2251 1434 2293 sen-

276 2332 398 2392 tentiam
425 2332 600 2391 confirmare
624 2330 750 2390 videtur.
792 2333 871 2390 Nam
899 2332 980 2408 quod
1004 2333 1088 2409 origo
1115 2332 1317 2408 Augustalium
1344 2331 1434 2390 etiam

275 2448 354 2492 nunc
379 2429 505 2490 obscura
529 2425 595 2502 est,⁶
608 2446 730 2488 necesse
755 2438 800 2487 est
824 2429 863 2488 ad
885 2431 1028 2506 optimam
1050 2429 1196 2489 rationem
1220 2429 1432 2505 confugiamus.

277 2529 347 2586 Hoc
362 2535 463 2585 tamen
476 2526 524 2586 vel
538 2525 733 2584 certissimum
749 2536 803 2599 est,
818 2528 967 2589 neminem
982 2527 1184 2603 Augustalium
1210 2524 1344 2586 ordinem
1367 2536 1435 2601 post

276 2623 308 2682 id
329 2633 446 2699 tempus
459 2623 652 2682 constitutum
667 2641 731 2682 esse
745 2642 887 2700 umquam
901 2623 1156 2685 demonstravisse.

318 2722 372 2778 Est
400 2730 499 2778 autem
534 2719 731 2795 fragmentum
761 2721 881 2781 Petroni
907 2721 938 2780 in
965 2731 1064 2781 vetere
1099 2721 1241 2798 glossario
1273 2721 1320 2797 (fr.
1351 2721 1433 2780 XVI.

278 2816 404 2892 Buech.)
422 2838 427 2874 :
451 2816 545 2876 ‘Satis
560 2826 709 2876 constaret
724 2836 776 2876 eos
789 2818 845 2876 nisi
859 2818 1015 2878 inclinatos
1029 2837 1090 2878 non
1104 2820 1198 2878 solere
1212 2819 1333 2877 transire
1349 2836 1433 2894 cryp-

277 2925 338 2974 tam
370 2909 638 2989 Neapolitanam.’'
691 2915 737 2972 Ex
768 2934 828 2991 quo
859 2916 987 2974 coniciat
1015 2917 1119 2992 aliquis
1150 2916 1327 2991 Encolpium
1362 2926 1431 2992 post

318 3063 436 3114 ¹Vitruv.
447 3065 507 3114 VII.
521 3077 543 3130 5.
753 3064 764 3097 2
775 3067 846 3129 ‘Age
858 3065 888 3114 of
902 3067 1033 3116 Petronius
1044 3067 1159 3125 Arbiter‚'
1172 3083 1197 3132 p.
1211 3079 1253 3132 523
1277 3067 1308 3116 cf.
1320 3082 1346 3131 p.
1358 3065 1397 3130 87.

317 3147 378 3196 lCf.
391 3148 454 3197 Plin.
473 3147 540 3197 Hist.
557 3148 618 3196 Nat.
635 3148 742 3197 XXXV.
763 3161 822 3213 147:
842 3148 911 3198 ‘laia
927 3150 1044 3212 cyzicena
1061 3186 1068 3198 .
1087 3185 1092 3198 .
1111 3185 1117 3198 .
1134 3150 1213 3214 pinxit
1231 3148 1339 3214 Neapoli
1356 3164 1432 3198 annm

276 3231 303 3280 in
315 3230 404 3294 mandi
417 3229 517 3278 tabula!
553 3230 748 3279 Pinacothecam
764 3237 848 3279 autem
859 3231 1055 3296 Neapolitanam
1072 3238 1251 3281 commemorat
1271 3231 1434 3280 Philostratus

269 3313 390 3378 .(proem.
412 3313 444 3361 ad
468 3312 624 3375 ‘Imagines’
645 3328 665 3360 c.
684 3313 726 3374 4);
749 3313 794 3362 sed
811 3313 853 3362 ille
870 3313 955 3363 Severi
972 3314 1125 3379 temporibus
1141 3314 1213 3372 vixit;
1235 3313 1266 3362 cf.
1287 3313 1355 3362 Suid.
1374 3329 1394 3362 s.
1410 3330 1433 3361 v.

277 3395 448 3446 Philostratus.
474 3395 588 3444 Fortasse
601 3401 686 3444 tamen
696 3395 874 3459 pinacothecas
887 3402 911 3445 et
923 3395 1021 3446 tabulas
1032 3397 1155 3446 clarorum
1163 3395 1287 3460 pictonum
1296 3395 1322 3444 iu
1332 3395 1435 3446 urbibus

277 3478 430 3542 Campaniae
442 3477 517 3527 fuisse
528 3477 588 3526 licet
599 3477 743 3527 concludas.

316 3558 328 3593 ⁴
341 3561 370 3610 C.
384 3561 405 3610 I.
418 3561 447 3609 L.
460 3560 510 3609 111.
525 3559 600 3625 ¹7⁶93
622 3560 653 3608 V.
666 3573 742 3624 34043
764 3561 797 3609 X.
814 3560 880 3622 6104
894 3561 946 3625 (=‘
956 3560 1019 3610 Bull.
1032 3561 1089 3610 dell’
1102 3562 1172 3610 lust’
1187 3559 1256 3625 1873,
1269 3576 1294 3625 p.
1308 3559 1365 3626 87).
1393 3561 1431 3610 Cf.

278 3644 433 3708 Marquardt.
452 3643 719 3707 ‘Staatsverwaltung‚’
739 3644 778 3694 ed.
799 3643 841 3693 alt.
861 3645 882 3694 Ι.
902 3660 929 3709 p.
950 3657 999 3694 200
1015 3645 1073 3694 adu.
1096 3656 1121 3704 15
1146 3643 1268 3694 Schmidt.
1287 3645 1319 3693 de
1344 3644 1436 3694 Seviris

266 3727 532 3790 ‚August.pp.123-4;
549 3726 704 3776 Hirschfeld.
723 3727 877 3776 ‘Zeitschrift
889 3725 905 3776 f.
916 3727 985 3778 Oest.
994 3726 1162 3790 Gymnasien‚'
1175 3725 1246 3791 1878,
1255 3743 1280 3791 p.
1292 3725 1339 3788 289
1348 3741 1418 3791 seqq.

318 3806 525 3868 ⁶‘Staatsrecht‚’
539 3809 589 3858 111.
601 3824 626 3873 p.
638 3822 688 3875 454
700 3811 758 3860 adn.
773 3823 800 3859 r:
820 3810 932 3860 ‘Nimmt
950 3826 1009 3858 man
1022 3810 1099 3859 hinzn
1111 3812 1167 3860 dass
1180 3809 1304 3858 zwischen
1318 3810 1363 3858 der
1375 3809 1434 3858 Ein-

277 3891 394 3954 richtnng
412 3892 465 3941 und
482 3892 563 3940 ihrem
578 3892 711 3942 Auftreten
730 3892 776 3941 auf
791 3894 842 3944 den
860 3893 1012 3944 Inschriften
1031 3893 1097 3943 doch
1116 3893 1157 3942 ein
1176 3892 1292 3956 gewisser
1309 3891 1434 3942 Zeitraum

277 3972 361 4036 liegen
372 3989 446 4032 muas,
458 3989 487 4022 so
498 3974 560 4023 wird
571 3990 631 4023 man
642 3975 703 4023 eher
719 3974 822 4038 geneigt
837 3975 891 4024 sein
908 3974 944 4024 sie
962 3975 989 4024 iu
1005 3975 1046 4044 die
1064 3974 1163 4024 friihere
1180 3973 1216 4023 als
1233 3973 1260 4022 in
1278 3973 1319 4024 die
1338 3976 1435 4038 spitere

279 4055 385 4114 Perinde
397 4058 507 4118 Auguste
519 4073 549 4105 zu
559 4059 660 4106 setzen.’

319 4137 330 4169 ⁶
342 4137 380 4186 Cf.
393 4139 475 4202 Marq.
487 4139 754 4205 ‘Staatsverwaltung’
768 4142 807 4190 ed.
821 4141 863 4190 alt.
876 4142 898 4190 l.
910 4157 935 4206 p.
951 4154 996 4206 197
1008 4156 1089 4206 seqq.;
1113 4140 1234 4190 Schmidt.
1251 4141 1283 4189 de
1300 4139 1356 4190 Sev.
1369 4141 1434 4202 Aug.

279 4236 305 4285 p.
321 4233 366 4268 122
377 4236 446 4284 seqq.
459 4222 563 4271 ‘Adhuc
574 4223 621 4271 sub
633 4223 716 4273 iudice
728 4224 757 4272 lis
769 4225 822 4272 est'

320 4301 402 4352 τΗοο
420 4303 594 4367 fragmentum,
612 4307 680 4370 quod
697 4305 818 4354 Danielus
836 4305 861 4354 in
879 4311 963 4355 vetere
981 4304 1101 4368 glossario
1119 4304 1144 4354 S.
1162 4303 1268 4367 Dionysi
1286 4304 1389 4362 invenit,
1407 4320 1436 4352 ex

280 4392 368 4450 quarto
377 4386 477 4436 decimo
484 4387 547 4436 libro
555 4394 693 4436 saturarum
701 4393 807 4435 tractum
815 4403 869 4436 esse
877 4387 985 4436 coniecit
995 4386 1163 4436 Buechelerus
1172 4386 1226 4449 (ed.
1234 4386 1319 4435 maior.
1328 4402 1352 4450 p.
1362 4386 1434 4450 211).
