3306 5102
650 577 861 658 Quaestt'ones
882 577 1108 646 Petronianae.
1419 600 1459 666 33

299 760 457 824 ‘duumviri
476 779 508 822 re
521 779 591 822 vera
604 772 698 837 erant,
713 773 814 822 tamen
834 761 1076 839 nonnumquam¹
1090 765 1187 824 minus
1206 776 1344 826 accurate
1358 770 1461 844 ‘prae-

309 861 406 919 tores'
421 877 459 919 ex
472 877 555 919 more
565 859 686 936 antiquo
705 859 938 936 appellabantur.
979 861 1070 920 Cuius
1091 861 1134 921 rei
1147 861 1229 938 ipsae
1244 863 1358 924 Cumae
1379 863 1460 924 lucu-

308 955 504 1016 lentissimum
517 957 687 1033 exemplum
707 956 871 1033 praebent3
892 957 1045 1018 Ciceronis
1064 958 1143 1018 enim
1157 960 1340 1036 temporibus
1354 960 1462 1020 summi

309 1055 494 1132 magistratus
514 1055 594 1115 urbis
617 1055 818 1131 quattuorviri‚
845 1064 878 1114 ut
904 1053 1030 1129 videtur,
1051 1053 1295 1132 appellabantur,¹
1320 1068 1410 1135 atque
1430 1059 1462 1118 in

309 1152 394 1214 titulo
415 1149 571 1214 Cumano⁸
593 1151 801 1229 imperatoriae
822 1151 925 1212 aetatis
946 1151 1021 1211 haec
1041 1152 1196 1229 leguntur:
1227 1153 1294 1213 ‘Ad
1315 1154 1462 1215 honorem

307 1267 429 1326 quoque
441 1249 650 1310 duumviratus
663 1248 703 1308 ad
717 1246 896 1308 cumulanda
914 1266 1038 1308 munera
1050 1249 1163 1325 patriae
1183 1267 1253 1310 suae
1267 1250 1396 1311 libenter
1409 1271 1459 1311 ac-

309 1346 417 1406 cessit!
448 1347 553 1422 Itaque
568 1364 629 1406 non
639 1345 746 1404 mirum
755 1355 801 1405 est
809 1345 834 1404 si
843 1355 873 1405 et
886 1345 1009 1407 aliarum
1022 1346 1139 1405 urbium
1149 1345 1295 1406 duumviri
1313 1366 1461 1408 nonnum·

307 1461 399 1520 quam
414 1444 599 1519 ‘praetores'
613 1439 859 1519 appellabantur,⁴
872 1442 928 1502 etsi
942 1461 1012 1501 casu
1032 1439 1239 1520 inscriptiones
1254 1462 1330 1520 quae
1345 1455 1462 1505 exstent

308 1540 367 1600 hoc
380 1559 443 1601 non
456 1539 623 1600 ostendant.

349 1636 408 1698 Sed
420 1639 509 1697 etiam
522 1637 548 1697 si
567 1636 643 1696 haec
657 1655 704 1696 res
726 1637 811 1697 aliter
825 1628 913 1711 esset.
926 1647 1028 1697 tamen
1041 1638 1124 1698 locus
1146 1639 1265 1698 Petroni
1280 1641 1462 1700 Mommseni

308 1735 486 1794 sententiam
499 1753 560 1794 non
574 1735 721 1810 probaret.
764 1735 844 1793 Nam
858 1734 940 1810 quod
954 1733 1070 1794 advena
1084 1735 1247 1811 Encolpius
1258 1738 1462 1813 magistratum

308 1832 389 1892 urbis
416 1833 621 1909 ‘praetorem'
635 1841 733 1891 ¹vocat
760 1831 832 1890 nihil
854 1830 915 1890 iere
943 1832 1123 1892 auctoritatis
1150 1833 1248 1893 habet.
1300 1835 1354 1893 Ille
1382 1836 1461 1894 enim

308 1931 425 1989 Romae
446 1926 561 2002 suerat,l
574 1938 605 1988 et
625 1930 747 1988 fortasse
768 1929 799 1988 in
820 1929 915 1990 Gallia
934 1928 1131 2003 Narbonensi,
1145 1930 1197 1990 ubi
1217 1931 1325 1990 summi
1345 1932 1461 1991 urbium

309 2027 495 2104 magistratus
530 2027 715 2103 ‘praetores’
748 2023 950 2101 vocabantur,‘
985 2025 1187 2087 habitaverat!
1255 2030 1360 2105 Itaque
1399 2048 1462 2089 non

309 2125 416 2183 mirum
430 2133 475 2184 est
488 2123 513 2183 si
533 2142 602 2184 cum
624 2123 785 2200 Encolpius
806 2123 1012 2184 Habinnatem
1026 2142 1095 2182 cum
1110 2125 1214 2184 lictore
1227 2135 1258 2185 et
1277 2126 1390 2202 ingenti
1405 2127 1460 2186 fre-

308 2221 430 2298 quentia
442 2221 602 2280 intrantem
615 2219 730 2280 videret
744 2239 813 2280 eum
827 2230 995 2297 praetorem
1010 2239 1075 2281 esse
1089 2222 1212 2298 putavit.

350 2321 437 2378 Haec
451 2319 513 2378 sere
528 2327 595 2377 sunt
608 2336 684 2395 quae
699 2320 905 2379 Mommseuus
928 2318 969 2378 ad
989 2337 1072 2378 suam
1086 2319 1262 2378 sententiam
1275 2320 1461 2396 probandam

308 2417 439 2494 protulit.
479 2418 519 2475 At
532 2416 589 2475 alia
602 2425 679 2489 sunt,
693 2435 770 2492 quae
785 2416 919 2492 opinioni
934 2417 996 2476 eius
1010 2416 1147 2493 refragari
1161 2416 1306 2476 videntur.

354 2513 401 2593 (Ι)
425 2512 606 2572 Trimalchio
640 2512 683 2592 (c.
698 2511 753 2589 48)
778 2511 854 2571 haec
875 2512 966 2572 dicit:
990 2510 1090 2571 ‘Nam
1104 2513 1243 2591 Sibyllam
1264 2513 1387 2589 quidem
1401 2515 1460 2574 Cu-

309 2611 364 2669 mis
385 2629 443 2686 ego
463 2611 527 2686 ipse
548 2609 641 2668 oculis
656 2610 729 2668 meis
742 2608 804 2668 vidi
824 2609 856 2667 iu
877 2609 1005 2685 ampulla
1026 2609 1166 2685 pendere,
1182 2620 1213 2670 et
1233 2628 1302 2668 cum
1316 2611 1358 2669 illi
1378 2612 1462 2687 pueri

309 2705 461 2768 dicerent:
485 2708 625 2784 Σίβυλλα,
640 2709 672 2769 τί
682 2708 788 2776 otham
810 2708 1011 2785 respondebat
1024 2707 1091 2767 illa:
1112 2707 1258 2768 ἀποθανεῖν
1272 2706 1363 2766 θέλω]
1393 2708 1462 2783 Quo

309 2802 427 2864 deloco
441 2805 601 2881 prudenter
615 2805 730 2882 scripsit
745 2806 941 2865 Buechelerus
952 2803 980 2865 :⁸
1000 2806 1130 2865 ‘Cumas
1144 2805 1223 2863 illam
1238 2805 1386 2865 coloniam
1401 2825 1463 2865 non

309 2902 408 2976 luisse,
422 2902 461 2962 de
482 2921 541 2979 qua
561 2903 702 2962 convivae
723 2903 957 2976 confabulantur,
978 2903 1119 2979 probatur
1139 2919 1186 2975 eo,
1208 2902 1291 2978 quod
1313 2903 1415 2964 Cumis
1430 2922 1461 2962 se

308 3000 367 3060 suis
389 2999 481 3060 oeulis
500 2999 638 3077 Sibyllam
657 2998 765 3059 vidisse
786 2999 870 3075 quasi
883 3018 947 3058 rem
961 3000 1078 3058 raritate
1099 2999 1261 3058 notabilem
1281 3000 1462 3060 Trimalchio

308 3097 497 3174 pronuntiat!
552 3098 692 3172 Quocum
726 3097 875 3156 consentit
909 3096 1075 3156 Ludovicus
1103 3094 1370 3157 Friedlaendems.⁹
1423 3099 1463 3157 At

273 3224 275 3230 v
309 3197 529 3254 Mommsensus
549 3195 649 3254 locum
664 3194 783 3254 Petroni
808 3195 850 3253 sic
874 3194 1021 3270 explicare
1042 3203 1166 3254 conatus
1188 3202 1250 3254 est:
1273 3195 1349 3254 ‘Sed
1369 3195 1462 3255 voluit

308 3288 424 3366 lepidus
445 3290 609 3350 auctorita
629 3290 755 3366 ineptire
776 3290 957 3367 pulchellum
977 3289 1139 3364 hominem,
1165 3290 1277 3350 scilicet
1296 3299 1330 3349 ut
1349 3291 1463 3351 urbana

348 3560 359 3595 ¹
371 3562 431 3612 Hac
443 3562 475 3612 de
487 3577 561 3612 carisa
578 3561 738 3627 imperatoria
755 3568 837 3613 aetate
855 3563 961 3624 Lauinii,
972 3563 1113 3627 Anagniae,
1124 3562 1233 3628 Capituli
1251 3562 1420 3612 Hernicomm
1437 3569 1462 3614 et

307 3644 393 3694 Cumis
410 3646 567 3709 ‘praetores’
588 3652 673 3694 erant:
698 3645 808 3710 Hispelli
829 3652 914 3695 autem
934 3652 959 3695 et
979 3645 1099 3695 Nemausi
1119 3648 1263 3710 ‘praetores
1283 3645 1462 3709 quattuorviri‚’

292 3725 419 3776 ⁴rhbellini
430 3733 455 3776 et
467 3726 598 3776 Grumenti
609 3734 634 3777 et
645 3727 761 3776 Telesiae
773 3734 799 3777 et
809 3727 936 3777 Narbonis
947 3731 1091 3793 ‘praetores
1105 3727 1216 3777 duoviri’
1228 3727 1256 3775 in
1273 3726 1350 3776 titulis
1367 3742 1462 3776 merno-

307 3815 401 3860 rantur.
434 3809 473 3859 Cl.
484 3810 639 3875 Marquardt,
651 3809 919 3874 ‘Staatsverwaltung'
934 3811 973 3860 ed.
992 3811 1034 3860 alt.
1050 3810 1099 3860 vol.
1117 3809 1138 3860 1.
1156 3825 1199 3875 pp.
1219 3821 1327 3876 149-503
1349 3808 1462 3873 Madvig.

307 3889 476 3956 ‘Veriaraung
487 3894 539 3942 und
549 3893 711 3957 Verwaltung
723 3894 767 3943 des
784 3893 859 3943 Rbm.
871 3894 985 3952 Staatea’
996 3891 1045 3942 vol.
1057 3892 1093 3942 11.
1104 3907 1130 3958 p.
1144 3904 1186 3957 133
1203 3892 1268 3942 Hor.
1281 3892 1331 3944 sne
1344 3893 1366 3942 1.
1379 3903 1402 3958 5,
1414 3904 1461 3958 35;

307 3971 362 4022 Cic.
372 3973 405 4022 de
417 3974 487 4038 Lege
498 3977 560 4040 Agr.
571 3975 607 4026 11.
619 3989 659 4040 34.
670 3987 748 4040 92-33
764 3975 792 4026 C.
805 3975 826 4026 1.
839 3976 868 4026 1.
880 3976 913 4026 X.
925 3975 997 4039 6193.

349 4051 414 4105 'Ad
424 4057 478 4106 att.
489 4057 522 4106 X.
536 4069 574 4122 13.
588 4070 609 4108 t.
1000 4054 1171 4107 tc.1.1.x.
1184 4069 1256 4121 3704

349 4135 410 4188 ‘Ch
423 4137 487 4190 Plut
498 4139 540 4189 vit.
554 4139 613 4190 Sull.
626 4151 666 4206 37,
677 4140 722 4190 τὸν
734 4139 844 4203 ἄρχοντα
858 4137 966 4205 (scilicet
978 4137 1166 4204 Δικαιαρχείας)
1182 4138 1287 4205 Γράνιον.

348 4215 400 4271 ⁸C.
412 4221 452 4283 69,
463 4237 489 4286 p.
500 4222 541 4285 46,
552 4222 569 4272 l.
581 4221 621 4286 36.
1002 4220 1180 4288 ‘Marquardt
1191 4221 1208 4273 l
1219 4237 1239 4274 a
1251 4237 1273 4272 c.

348 4299 360 4335 '¹
371 4302 409 4352 Cf.
421 4304 495 4367 Frag.
507 4305 527 4354 1.
540 4311 565 4356 et
576 4305 622 4354 IV.
636 4303 770 4370 (Bacch).
1006 4302 1017 4339 ⁸
1030 4303 1109 4355 Praei.
1122 4305 1156 4354 ad
1167 4305 1207 4355 ed.
1219 4305 1305 4355 maior.
1317 4303 1430 4370 p.v111.

348 4381 513 4438 ⁹‘Bursiana
523 4387 726 4454 Jahresbericht’
742 4387 812 4453 1878,
824 4388 858 4438 ad
868 4387 917 4438 Th.
928 4403 954 4454 p.
969 4399 1024 4452 ¹72·
