3306 5102
199 591 244 676 ³⁶
633 587 681 652 H.
714 587 904 672 Μαι).

198 770 318 833 marolis
330 779 363 832 et
374 769 540 848 nequem
554 769 685 848 nrn‘gnis.
705 814 715 830 .
736 814 746 830 .
764 769 894 831 Aooodit
905 769 990 848 quod
1002 772 1035 832 in
1047 773 1160 834 uehis
1170 774 1358 836 summus

197 867 306 946 quitum
318 865 482 928 commoda
493 877 526 927 et
540 866 736 928 incommoda
747 867 885 928 oolon'me
896 870 1017 945 vimque
1028 870 1109 947 vulgi
1123 871 1202 930 inter
1212 883 1359 934 mantes

196 963 1355 1044 vamumpaenennllafitmercatunaeanreuummmicammmentio,

197 1079 323 1141 marum
335 1059 499 1122 adilaenda
511 1061 706 1122 Puteolanum
719 1063 887 1138 emporium
900 1063 1114 1125 celebrabatur.
1148 1067 1237 1126 Haec
1249 1079 1357 1128 emin

199 1153 534 1236 Putoomupugmut’1
573 1157 1356 1239 Quommcouseuutmommmquierauud

197 1251 568 1336 argumenmmprotulit'
607 1256 1354 1338 llleenimdicitverbaquaeeuleguntur:

197 1357 305 1416 ‘Haec
325 1355 445 1416 colonia
461 1364 641 1416 retroversim
661 1355 769 1414 crescit
788 1364 941 1431 nmquam
960 1356 1355 1430 oodavimli’nnllomodo

198 1453 328 1515 Puteolis
340 1453 508 1527 conversim,
522 1451 606 1529 quod
620 1469 657 1511 ee
670 1451 739 1512 urbs
753 1452 809 1512 illis
821 1454 1006 1530 temponlms
1018 1471 1110 1531 quam
1123 1456 1253 1515 maxime
1266 1457 1354 1518 dore·

196 1559 253 1612 ret.
307 1552 396 1611 Haec
420 1551 481 1612 sere
504 1561 573 1610 sunt
595 1567 673 1626 quae
696 1567 760 1610 non
782 1551 878 1610 solum
905 1552 1089 1612 Buechelero
1111 1563 1143 1611 et
1162 1555 1356 1615 Mommseno

197 1645 252 1710 ted
272 1647 364 1710 etium
383 1647 530 1726 prioribus
552 1648 745 1726 scriptoribus
767 1659 871 1709 contra
893 1649 1032 1710 Puteolos
1055 1650 1153 1709 nocue
1172 1649 1353 1712 viderentur.

197 1745 344 1824 Itaquesi
363 1746 439 1806 haec
460 1745 607 1824 explicare
630 1747 803 1823 poterimus,
818 1747 944 1806 Iannelli
964 1748 1112 1807 sententia
1130 1749 1225 1808 multo
1244 1749 1353 1826 proba·

197 1843 285 1906 bilior
307 1843 463 1906 videbitur.
506 1844 585 1904 Nam
612 1844 656 1903 vir
681 1844 731 1904 ille
758 1842 956 1918 doctissimus,
979 1863 1161 1921 quamquam
1186 1845 1240 1904 has
1274 1846 1352 1906 dilli-

197 1941 323 2002 cultates
348 1959 485 2002 amovere
514 1941 639 2002 multum
670 1941 781 2018 diuque
816 1940 961 2015 tentavit,⁸
988 1953 1087 2002 tamen
1118 1961 1183 2002 rem
1208 1961 1265 2002 acu
1291 1962 1354 2003 non

197 2039 303 2118 tetigit.
347 2040 452 2116 Itaque
473 2039 648 2100 Buecheleri
670 2048 701 2098 et
722 2039 903 2100 Mommseni
931 2050 1105 2117 argumenta
1127 2041 1256 2118 primum
1276 2051 1354 2102 trac-

197 2137 289 2198 tanda
303 2147 380 2198 sunt

238 2234 270 2296 Si
282 2252 346 2296 rem
360 2234 483 2312 propius
497 2234 644 2312 inspicias,
659 2234 735 2294 haec
755 2245 929 2311 argumenta
949 2235 1074 2294 Iannelli
1093 2236 1271 2295 sententiam
1290 2253 1354 2296 non

197 2331 293 2394 solum
306 2350 368 2394 non
381 2341 516 2394 evertunt
536 2331 590 2394 sed
610 2332 699 2392 etiam
714 2332 900 2392 confirmant.
941 2333 1021 2391 Nam
1032 2350 1104 2392 vera
1122 2334 1245 2409 quidem
1264 2344 1353 2408 sunt,·

197 2428 252 2490 sed
265 2439 370 2492 contra
383 2429 522 2492 Puteolos
536 2447 598 2490 non
612 2439 754 2506 pugnant,
768 2430 861 2488 immo
874 2447 947 2490 vero
961 2429 1117 2490 nobiscum
1130 2431 1250 2490 faciunt

237 2527 317 2590 Urbs
330 2527 556 2588 Trimalchionis
571 2528 705 2588 ‘Graeca
721 2526 809 2588 urbs’
821 2537 952 2587 vocatur.
994 2527 1053 2588 Sed
1069 2545 1249 2604 quamquam
1264 2530 1352 2588 Pute-

197 2623 246 2700 oli,
268 2634 301 2686 ut
321 2625 479 2686 Iannellius
499 2622 626 2698 dicit,⁴a
647 2624 771 2685 Graecis
790 2623 905 2684 conditi
925 2621 1013 2698 sunt,⁸
1029 2634 1129 2684 tamen
1150 2625 1225 2684 hoec
1245 2643 1292 2685 res
1312 2624 1354 2685 ad

196 2739 308 2785 nomen
335 2723 468 2786 Graecae
493 2722 573 2784 urbis
603 2722 812 2800 explicandum
839 2723 919 2782 nullo
947 2722 1040 2782 modo
1067 2722 1183 2782 sufficit.
1224 2722 1353 2800 Reliqua

196 2827 296 2882 sutem
320 2837 396 2898 quae
418 2820 576 2882 Iannellius
601 2821 695 2882 multo
719 2839 788 2880 cum
813 2819 914 2880 labore
937 2819 1042 2880 admit
1062 2807 1266 2880 difficultatem
1289 2838 1353 2882 non

196 2927 345 2980 amovent.
386 2917 446 2980 Sed
466 2935 537 2979 vera
557 2918 684 2978 nominis
706 2918 872 2996 explicatio,
887 2918 942 2977 nisi
964 2917 1098 2993 fallimur,
1119 2918 1208 2994 longe
1229 2918 1287 2978 alia
1307 2928 1353 2978 est

195 3023 287 3092 atque
301 3033 405 3077 omnes
420 3015 569 3078 molestias
584 3016 667 3093 quasi
681 3034 742 3076 uno
756 3016 816 3075 ictu
831 3015 977 3092 profligat.

236 3113 350 3176 A.U.C.
379 3115 448 3193 560,
478 3123 510 3174 ut
546 3113 645 3174 Livius
682 3110 825 3187 testatur,⁸
858 3113 976 3173 colonia
1008 3122 1208 3173 trecentorum
1242 3113 1352 3173 civium

196 3210 400 3272 Romanorum
429 3211 568 3272 Puteolos
596 3209 728 3272 deducta
755 3221 808 3271 est.
861 3212 984 3270 Parvum
1012 3209 1089 3270 hanc
1115 3211 1264 3270 coloniam
1291 3212 1352 3270 iam

195 3305 386 3370 deficientem
420 3308 582 3387 imperator
609 3311 756 3386 Augustus
782 3305 928 3369 restituit!
968 3307 1028 3368 Sed
1058 3317 1176 3385 praeter
1202 3309 1352 3370 coloniam

195 3405 363 3466 Romanam
383 3423 460 3484 quae
480 3405 608 3468 Puteolis
630 3416 701 3479 erat,
716 3409 816 3466 ‘vetus
835 3404 999 3483 oppidum,'
1014 3405 1097 3482 quod
1115 3415 1183 3465 ante
1202 3405 1352 3465 coloniam

194 3501 357 3564 deductam
376 3503 417 3566 ibi
438 3503 540 3578 luerat,
555 3504 737 3577 remanebat,
752 3503 880 3581 primum
896 3513 929 3562 ut
945 3503 1101 3579 peregrina
1114 3503 1225 3577 civitas,
1240 3502 1350 3564 deinde

194 3609 263 3678 post
286 3599 397 3662 bellum
421 3599 531 3662 aoclale
554 3609 588 3662 ut
602 3600 815 3678 ‘municipium
856 3599 916 3661 Sed
944 3600 1028 3660 Nero
1051 3600 1144 3660 veteri
1167 3599 1281 3678 oppido
1304 3601 1353 3661 ius

197 3731 479 3752 *-

235 3795 245 3832 ¹
258 3797 337 3850 Praei.
350 3799 383 3850 ad
395 3799 436 3850 ed.
451 3797 538 3851 maior.
552 3797 678 3866 p.V1111.
740 3813 743 3820 ¹
857 3795 870 3832 ¹
881 3798 990 3849 Hermes
1000 3797 1076 3849 XIII.
1088 3813 1113 3864 p.
1128 3809 1183 3847 111.

234 3876 320 3932 ⁸Cod.
333 3881 425 3932 Perott.
437 3895 480 3948 pp.
493 3881 642 3934 CCXLVII.
658 3895 727 3948 seqq.
859 3879 944 3931 ‘Cod
957 3881 1050 3930 Perott.
1061 3896 1086 3946 p.
1098 3880 1263 3930 CCXLVIII.

235 3960 248 3997 ⁸
260 3962 366 4015 lileron.
379 3964 411 4015 ad
423 3963 524 4030 Olymp.
539 3963 636 4014 LXIII.
652 3976 677 4024 ις
700 3963 788 4031 steph.
801 3963 859 4029 Byz.
871 3977 913 4014 nv.
927 3961 1055 4024 noviomo
1078 3962 1194 4014 Strabon.
1206 3963 1237 4013 V.
1248 3977 1274 4027 p.
1287 3973 1351 4030 245,

194 4043 282 4098 Festus
292 4061 336 4098 av.
351 4045 486 4098 'minorem
499 4045 606 4107 Delum,’
620 4051 645 4096 et
657 4045 688 4098 el.

234 4125 393 4180 ⁸·cotoutus
406 4127 497 4180 civium
517 4129 687 4180 Romanorum
705 4143 735 4180 eo
753 4144 821 4182 anno
838 4129 962 4180 deductae
978 4134 1037 4180 sunt
1054 4127 1180 4188 Puteolos,
1190 4127 1351 4190 Volturnum,

194 4207 331 4273 Liternum,
344 4210 440 4263 neceni
450 4211 567 4262 homines
578 4211 604 4262 la
616 4210 741 4276 singulas’
775 4211 830 4262 Liv.
843 4211 966 4262 XXXIV.
980 4223 1025 4277 453
1046 4209 1080 4262 el.
1093 4211 1206 4261 XXXII.
1221 4223 1261 4274 29.

234 4289 245 4326 t
259 4291 314 4344 Lib.
327 4292 415 4345 Colon.
427 4307 452 4360 p.
463 4291 525 4360 esdr
544 4291 656 4344 ‘Puteoli
669 4291 769 4344 colonia
780 4294 908 4358 Augurum
923 4293 1053 4358 Augustus
1063 4293 1181 4344 deduxit!
1202 4293 1240 4343 Cl.
1248 4292 1277 4343 Q
1286 4293 1308 4345 Ῑ.
1317 4293 1349 4345 L.
