3306 5102
624 602 836 684 Quaesitum
856 602 1085 674 Petrombnae.
1414 619 1432 678 3

276 792 352 859 bus'
390 790 490 868 Quem
503 791 603 859 losum
618 788 744 856 Beckins
753 785 761 818 ¹
770 786 868 852 adun
881 805 942 862 quo
956 786 1062 862 probet
1075 785 1247 857 Petronium
1257 796 1327 858 apte
1339 787 1433 848 Nero-

277 889 323 950 nis
346 897 484 963 tempora
509 886 670 962 scripsisse.
713 887 800 948 Putat
824 884 907 946 euim
932 884 1102 952 Retronium
1129 902 1237 958 equam
1262 882 1433 956 decoctam,

279 985 408 1047 Neronis
422 985 584 1056 inventum,
596 983 738 1046 hocloco
753 991 984 1043 memoraturum
999 981 1086 1052 fuisse
1105 981 1129 1044 si
1150 981 1271 1050 Nerone
1293 991 1434 1056 remeate

278 1093 391 1152 saturas
403 1101 471 1149 suas
485 1081 710 1156 composuisset.
751 1081 792 1140 At
804 1079 871 1154 quis
887 1097 1030 1154 nmquam
1043 1096 1121 1154 aqua
1134 1077 1263 1143 decocta
1276 1079 1315 1139 ad
1336 1079 1433 1144 laran-

277 1180 352 1245 dum
380 1199 447 1238 usus
472 1180 541 1242 ‚esti
592 1173 767 1239 Suetonius²
794 1186 894 1236 autem
919 1176 1018 1252 ipsum
1046 1177 1200 1238 Neronem
1229 1175 1302 1238 dicit
1326 1177 1436 1244 nivalis

182 1297 183 1300 ¹
279 1277 400 1352 piscinis
411 1286 548 1354 tempore
559 1275 671 1336 aestivo
685 1293 717 1334 se
732 1274 864 1334 refovere
878 1273 996 1336 solitum
1009 1291 1085 1334 esse.

321 1373 379 1434 Sed
393 1383 426 1432 ut
438 1373 477 1432 ad
491 1391 554 1432 rem
569 1382 759 1444 revertamur,
775 1367 991 1430 Buechelerus³
1007 1370 1123 1430 dubitat
1136 1388 1175 1429 an
1190 1371 1345 1431 Petronius
1361 1370 1435 1440 inci·

276 1471 359 1530 disse
375 1469 503 1546 Encolpi
516 1469 622 1539 itinera
632 1469 751 1530 finxerit
765 1468 796 1528 in
809 1469 928 1530 ultimos
949 1485 1043 1528 annos
1062 1467 1170 1542 quibus
1190 1469 1333 1543 regnabat
1345 1467 1434 1530 Tibe·

268 1569 347 1628 rius.
390 1568 529 1642 Quocum
547 1565 699 1627 consentit
717 1565 877 1625 Teuffelius
889 1563 916 1637 3⁴
936 1564 991 1624 sed
1012 1564 1051 1628 de
1072 1565 1179 1626 borum
1200 1564 1340 1640 opinione
1360 1565 1437 1624 inira

279 1663 492 1741 disputandum
506 1673 560 1725 est.
603 1665 809 1724 Mommsenus
827 1672 927 1721 autern
941 1680 1024 1735 unus,
1039 1661 1122 1738 quod
1142 1662 1243 1734 sciam,
1255 1663 1436 1724 sententiam

280 1781 370 1838 quam
384 1762 511 1837 probare
525 1760 703 1820 instituimus
723 1760 755 1819 in
776 1760 908 1820 medium
929 1759 1050 1836 protulit
1060 1779 1069 1833 ;
1090 1759 1145 1822 sed
1166 1778 1345 1835 quamquam
1366 1779 1435 1820 acu·

280 1858 401 1932 tissime,
415 1868 447 1916 ut
459 1859 545 1929 solet,
560 1876 624 1918 rem
639 1856 807 1933 disputavit,
823 1867 924 1915 tamen
944 1857 1102 1932 perpaucis
1122 1865 1237 1916 tantum
1251 1849 1348 1918 verbis
1361 1856 1436 1932 quid

280 1956 403 2017 sentiret
414 1953 573 2035 esposuit.⁶
1519 2031 1522 2040 1

321 2053 352 2113 Si
378 2052 540 2112 rationibus
568 2063 684 2114 tanturn
711 2070 757 2111 res
778 2050 934 2128 probanda
958 2061 1044 2123 esset,
1066 2061 1166 2110 tamen
1186 2051 1273 2112 valde
1293 2052 1435 2112 credibile

281 2149 430 2208 videretur
450 2150 621 2215 Petronium
641 2149 764 2225 periculi
783 2147 896 2208 vitandi
917 2167 1006 2208 causa
1026 2159 1162 2224 tempora
1189 2167 1207 2206 a
1235 2149 1294 2208 suis
1322 2158 1436 2208 remota

282 2246 405 2324 elegisse
426 2265 503 2322 quae
524 2246 715 2309 describeret.
757 2246 836 2304 Nam
860 2245 976 2306 etiamsi
999 2245 1201 2320 quinquennio
1225 2245 1275 2305 illo
1298 2246 1435 2320 Neronis,

281 2344 364 2420 quod
383 2355 501 2418 vocant,
516 2354 627 2407 saturas
648 2362 714 2402 suas
736 2342 960 2418 composuisset,
976 2342 1057 2418 quod
1071 2342 1151 2402 nullo
1165 2353 1247 2402 certo
1260 2353 1436 2418 argumento

281 2441 479 2504 demonstrari
494 2452 601 2518 potest,
617 2451 719 2500 tamen
731 2441 854 2512 cautius,
867 2440 984 2515 opinor,
999 2439 1171 2515 scripsisset,
1186 2458 1301 2500 memor
1315 2458 1436 2500 casuum

284 2535 395 2598 Prisci‘
414 2549 445 2600 et
465 2535 577 2602 Cordi⁷
599 2549 629 2598 et
657 2534 776 2598 Scauri⁸
796 2548 826 2596 et
847 2538 1005 2596 multorum
1033 2537 1166 2610 aliorum,
1179 2556 1306 2612 quorum
1327 2538 1437 2613 scripta

281 2636 443 2695 accusandi
466 2637 620 2697 materiem
641 2635 823 2695 delatoribus
850 2635 1058 2712 praebuerant.
1100 2635 1243 2696 Nondum
1265 2635 1346 2694 enirn
1364 2636 1437 2694 satis

282 2743 460 2808 apparuerat
481 2733 575 2808 qualis
597 2735 681 2792 Nero
701 2752 838 2794 erasurus
860 2743 945 2792 esset.
987 2734 1026 2791 At
1053 2741 1167 2807 postea,
1192 2751 1260 2792 cum
1289 2732 1437 2792 delatores

284 2829 413 2888 Neronis
433 2830 541 2889 multos
561 2830 639 2890 falsis
660 2830 833 2892 criminibus
853 2829 1021 2906 perderent,
1044 2829 1136 2888 multo
1157 2830 1349 2905 periculosius
1374 2839 1437 2890 erat

185 2927 187 2932 ’
282 2926 417 3003 scriptori
429 2925 468 2984 de
483 2945 535 2985 sua
545 2937 641 2986 aetate
653 2937 764 2986 saturas
775 2945 966 3002 componere.
1008 2927 1106 3000 Quam
1121 2927 1206 2986 facile
1221 2937 1321 2985 eutem
1336 2927 1437 2986 fuisset

282 3023 437 3084 incusandi
452 3042 554 3084 causas
574 3024 606 3082 in
626 3024 732 3082 talibus
748 3022 864 3099 scriptis
878 3023 1007 3099 reperire
1021 3023 1069 3082 vel
1082 3041 1119 3084 eo
1134 3024 1247 3099 optime
1262 3025 1436 3098 ostenditur,

283 3120 366 3196 quod
394 3121 483 3180 etiam
503 3139 584 3180 nunc
612 3130 680 3179 sunt
701 3121 752 3196 qui
775 3120 1001 3180 Trimalchionis
1021 3139 1149 3197 persona
1166 3123 1319 3182 Neronem
1340 3121 1436 3198 desig-

283 3219 346 3278 nari
360 3218 493 3278 credant.
533 3219 660 3278 Accedit
675 3217 759 3294 quod
779 3218 871 3278 multa
891 3218 922 3276 in
943 3219 1045 3276 saturis
1064 3218 1103 3278 ad
1124 3219 1204 3280 illam
1218 3229 1333 3295 partem
1347 3220 1436 3280 Cam·

174 3319 186 3342 ⁴
283 3316 390 3391 paniae
414 3316 564 3392 pertinent
589 3334 679 3391 quam
704 3317 786 3375 Nero
810 3315 938 3374 maxime
967 3314 1193 3391 frequentabat.l
1248 3318 1354 3392 Itaque
1381 3317 1437 3376 nisi

280 3412 419 3484 radimur,
434 3431 556 3472 necesse
571 3422 633 3471 erat
647 3413 786 3471 Petronio
800 3422 851 3471 aut
864 3422 975 3476 saturas
995 3430 1062 3472 suas
1076 3412 1212 3472 occulere
1233 3412 1305 3471 dum
1327 3415 1437 3472 viveret

277 3520 334 3574 ,aut
355 3519 491 3586 tempora
510 3510 599 3585 longe
620 3529 637 3568 a
662 3510 720 3568 suis
743 3519 858 3569 remota
876 3509 1051 3572 describere.
1095 3509 1186 3584 Quod
1203 3510 1293 3569 etiam
1307 3511 1437 3570 verisim-

283 3607 348 3666 ilius
369 3607 406 3666 sit
428 3607 452 3666 si
473 3607 644 3668 Petronium
663 3606 794 3674 eundem
817 3624 881 3664 esse
902 3614 988 3682 putes
1010 3623 1100 3681 quern
1122 3616 1337 3665 commemorat
1360 3608 1437 3664 Tac-

283 3701 372 3762 itus.¹⁰

326 3910 336 3944 ¹
348 3914 420 3976 ‘Age
432 3913 460 3961 oi
475 3914 605 3963 Petronius
617 3914 733 3973 Arbiter,’
745 3930 789 3979 pp.
802 3914 842 3980 58,
856 3927 910 3965 102.
1078 3911 1151 3965 ‘Vin
1162 3915 1256 3964 Neron.
1270 3930 1290 3962 c.
1304 3925 1343 3977 27.

326 3992 337 4026 ⁸
349 3994 429 4044 Praei.
438 3995 471 4044 ad
483 3997 523 4044 ed.
533 3996 619 4046 maior.
628 4011 654 4060 p.
663 3996 723 4047 VII.
790 3995 801 4029 4
813 3996 919 4046 ‘Gescb
932 3997 977 4046 der
989 3997 1062 4046 Rom.
1075 3995 1221 4045 Litteratur’
1234 3995 1338 4060 (1882),
1346 4010 1372 4059 p.
1381 3994 1438 4057 691.

325 4073 337 4107 ὅ
350 4076 459 4125 Hermes
467 4078 544 4127 XIII.
554 4076 646 4142 (1878)
655 4093 681 4142 p.
692 4091 746 4129 111.
779 4077 859 4128 ⁶Tac.
868 4079 936 4127 Ann.
945 4079 995 4128 111.
1005 4093 1042 4128 cc.
1051 4089 1141 4142 49-51.
1174 4076 1184 4110 ⁷
1195 4077 1260 4127 lbid.
1270 4077 1315 4127 IV.
1322 4092 1359 4126 cc.
1366 4088 1438 4142 34-5.

326 4155 414 4208 ⁸1bid.
426 4159 471 4208 v1.
484 4173 528 4222 293
550 4159 617 4209 Cass.
630 4160 681 4209 Dio
697 4160 845 4222 LV111.24.
879 4159 917 4210 Cf.
934 4159 1035 4208 Sueton.
1048 4159 1098 4208 Vit.
1112 4159 1195 4208 Tiber.
1211 4175 1233 4208 c.
1249 4159 1278 4209 61
1297 4160 1363 4208 med.
1380 4161 1439 4207 Hoc

285 4247 370 4290 tamen
382 4240 436 4290 sine
448 4242 525 4304 dubio
537 4242 728 4292 concedendum
741 4249 786 4301 est,
797 4243 926 4291 Neronem
938 4241 964 4290 in
976 4242 1067 4292 talibus
1077 4241 1213 4306 puniendis
1228 4242 1307 4291 multo
1318 4242 1439 4291 leniorem

284 4323 385 4372 Tiberio
402 4323 488 4383 fuisse;
510 4324 570 4373 Tac.
582 4326 649 4374 Ann.
664 4324 734 4374 XIV.
748 4340 785 4374 cc.
796 4335 890 4389 49-5o;
911 4324 1011 4374 Sueten
1025 4325 1076 4375 Vit.
1090 4324 1220 4384 Nerone.
1235 4337 1274 4387 39.

325 4403 598 4466 ⁹Tac.Ann.X1V.4;
617 4419 658 4469 ¹33
674 4405 730 4456 XV.
739 4418 782 4469 333
800 4417 843 4472 51³
861 4419 903 4471 525
920 4405 990 4454 XVI.
1003 4418 1044 4466 ro;
1063 4417 1101 4468 19.
1160 4403 1181 4438 1⁰
1194 4405 1260 4454 ibid.
1269 4405 1339 4456 XVI.
1352 4403 1434 4470 17-18
