3306 5102
236 628 259 688 4
680 608 725 671 H.
759 608 802 672 W.
828 609 945 690 Haley.

278 790 338 852 Sed
365 809 545 866 quamquam
572 787 640 850 hae¹
656 793 784 852 rationes
813 792 935 851 sortasse
962 792 1074 867 aliquid
1101 793 1246 853 momenti
1269 793 1390 868 habent,

236 900 338 948 tamen
375 907 436 948 non
471 890 632 949 rationibus
667 888 720 948 sed
755 890 934 964 argumentis
967 908 1031 948 rem
1065 890 1228 950 diiudicare
1263 901 1390 967 oportet.

237 988 343 1062 Itaque
372 1004 409 1045 ex
436 986 539 1045 saturis
563 986 634 1062 ipsis
658 986 860 1061 quaerendum
888 995 933 1044 est
959 996 1059 1045 utrum
1087 988 1241 1046 Petronius
1268 989 1391 1065 Augusti

237 1093 373 1159 tempora
400 1102 439 1141 an
465 1083 567 1143 Tiberi
596 1101 634 1141 an
666 1082 724 1143 Gai
750 1101 789 1141 an
816 1082 923 1143 Claudi
956 1102 996 1143 an
1030 1085 1158 1143 Nemnis
1193 1085 1390 1161 descripserit.

238 1182 309 1240 Hoc
322 1199 414 1239 unum
431 1189 533 1239 tamen
554 1178 781 1239 concedendum
804 1190 857 1253 est,
872 1181 995 1256 Augusti
1018 1190 1153 1257 tempora
1174 1192 1205 1243 et
1225 1183 1390 1258 'gratiorem

237 1288 268 1337 et
281 1279 420 1338 tutiorem
435 1278 588 1337 materiem
603 1277 793 1353 scriptoribus
811 1278 979 1353 praebuisse
1001 1296 1088 1353 quam
1111 1271 1290 1355 reliquorum
1311 1280 1390 1355 prin-

236 1375 361 1451 cipatus.

277 1473 335 1531 His
364 1472 531 1548 praemissis
555 1483 728 1549 argumenta
752 1472 832 1548 apud
858 1473 1027 1532 Petronium
1055 1484 1171 1550 reperta
1198 1474 1390 1550 proferamus.

238 1570 372 1644 Quorum
392 1569 440 1628 vel
460 1569 621 1628 maximum
650 1579 694 1627 est
718 1569 802 1644 quod
817 1570 861 1644 (c.
875 1569 929 1647 53)
946 1569 1021 1629 haec
1049 1572 1139 1630 verba
1162 1581 1277 1630 servata
1303 1581 1388 1630 sunt:

237 1668 296 1726 ‘Et
315 1667 403 1742 plane
425 1666 620 1742 interpellavit
641 1666 803 1725 saltationis
823 1665 978 1726 libidinem
998 1667 1154 1740 actuarius,
1176 1667 1227 1742 qui
1248 1678 1390 1744 tanquam

236 1764 315 1822 urbis
343 1774 410 1823 acta
430 1764 580 1822 recitavit:
609 1765 680 1822 Vll.
708 1763 849 1822 kalendas
877 1764 1018 1823 Sextiles:
1041 1765 1072 1823 in
1099 1764 1223 1840 praedio
1244 1766 1390 1838 Cumano,

237 1861 319 1936 quod
341 1871 385 1920 est
404 1861 639 1934 Trimalchionis,
660 1861 722 1919 nati
743 1871 810 1919 sunt
831 1862 914 1936 pueri
935 1863 1027 1934 XXX,
1048 1862 1164 1938 puellae
1184 1863 1257 1920 XL.’
1300 1862 1390 1937 Quod

237 1977 334 2034 neque
352 1959 432 2018 casui
452 1976 550 2033 neque
572 1958 777 2034 neglegentiae
803 1957 993 2018 tribuendum
1016 1958 1150 2017 videtur:
1173 1977 1242 2017 narn
1267 1960 1390 2018 verbum

236 2055 309 2114 illud
330 2056 486 2116 ‘Sextiles’
510 2056 540 2112 in
562 2054 668 2114 codice
688 2056 875 2132 Traguriensi
897 2057 984 2131 plane
1010 2056 1152 2131 scriptum
1175 2067 1279 2128 exstat,
1301 2068 1390 2132 atque

237 2154 326 2212 lectio
340 2153 488 2212 difficilior
502 2163 546 2211 est
559 2171 649 2228 quam
670 2171 746 2228 quae
767 2153 851 2228 lapsu
872 2153 978 2211 calami
994 2163 1045 2211 aut
1065 2153 1292 2228 interpolatione
1313 2154 1391 2212 sacta

237 2251 283 2309 sit.
325 2250 384 2310 Sed
399 2250 528 2309 ‘mensis
543 2251 594 2325 qui
607 2250 722 2310 Sextilis
737 2249 831 2308 suerat
845 2269 882 2308 ex
896 2260 1014 2309 senatus
1031 2250 1166 2308 consulto
1182 2251 1296 2310 Marcio
1311 2251 1389 2310 Cen-

237 2349 336 2408 sorino
359 2349 396 2408 C.
426 2348 530 2406 Asinio
554 2347 641 2408 Gallo
662 2349 747 2406 coss.'
794 2347 923 2423 (A.U.C.
941 2345 1012 2423 746)
1032 2347 1083 2405 ‘in
1103 2347 1226 2422 Augusti
1247 2347 1389 2407 honorem

237 2445 333 2504 dictus
361 2455 406 2504 est
433 2448 590 2520 Augustus,
615 2463 693 2503 anno
717 2447 889 2521 Augustano
910 2442 1008 2503 XX’l
1051 2443 1141 2518 Quod
1163 2444 1186 2503 si
1210 2462 1313 2503 verum
1336 2454 1388 2515 est,

237 2543 391 2602 Petronius
406 2543 520 2603 Cenam
534 2542 769 2614 Trimalchionis,
784 2559 873 2616 quam
888 2552 1004 2613 vocant,
1016 2551 1084 2617 post
1099 2541 1175 2601 Galli
1190 2552 1220 2601 et
1235 2541 1389 2602 Censorini
1497 2616 1502 2624 ,

236 2642 422 2699 consulatum
443 2650 541 2699 actam
562 2658 626 2699 esse
647 2639 749 2698 noluit.
791 2639 870 2698 Nam
891 2640 957 2714 quis
978 2638 1100 2697 credere
1120 2649 1219 2714 potest
1240 2657 1308 2698 eum
1329 2649 1389 2697 tam

236 2739 427 2814 neglegenter
443 2748 563 2813 tamque
583 2737 685 2812 inepte
699 2736 850 2812 scripsisse
863 2747 897 2796 ut
910 2739 1073 2812 Augustum
1094 2755 1227 2795 mensem
1249 2737 1312 2795 sine
1332 2737 1391 2795 ulla

236 2854 325 2894 causa
346 2835 485 2894 Sextilem
507 2836 649 2894 vocaret?
698 2834 783 2908 Quae
803 2852 873 2892 cum
900 2834 941 2892 ita
961 2834 1028 2907 sint,
1049 2834 1174 2892 multum
1196 2834 1287 2893 miror
1308 2833 1390 2910 quod

237 2933 363 2991 Beckius
377 2932 456 2991 hunc
469 2932 569 2991 locum
584 2931 734 3008 praeteriit
744 2952 753 3005 ;
775 2931 830 2990 nisi
851 2931 926 2990 sorte
948 2950 987 2989 ne
1009 2931 1133 2990 nimium
1154 2933 1294 3008 probaret
1314 2932 1389 2990 veri-

236 3040 282 3088 tus
297 3040 350 3090 est.
393 3029 589 3088 Buechelerus
608 3040 708 3088 autem
729 3029 818 3089 verba
839 3039 942 3088 contra
963 3048 1045 3087 suam
1066 3029 1242 3089 sententiam
1262 3029 1390 3087 valentia

235 3128 352 3187 silentio
380 3127 501 3186 transiit.
556 3129 595 3186 At
623 3129 844 3186 Mommsenum
872 3145 908 3185 ea
934 3127 1024 3186 verba
1051 3145 1112 3185 non
1142 3127 1311 3202 effugerant,
1338 3127 1389 3201 qui

236 3226 361 3283 multum
388 3225 568 3284 auctoritatis
596 3225 630 3282 iis
658 3223 848 3284 tribuendum
870 3242 933 3283 esse
954 3221 1090 3283 censuit.²
1132 3225 1217 3299 Quae
1238 3242 1275 3284 eo
1297 3225 1389 3300 magis

234 3321 367 3381 notanda
383 3332 450 3381 sunt
464 3321 545 3397 quod
570 3321 650 3397 apud
673 3321 845 3380 Petmnium
862 3321 905 3400 (c.
921 3321 975 3398 38)
995 3321 1068 3380 haec
1092 3339 1212 3396 quoque
1234 3322 1387 3398 leguntur:
1469 3319 1476 3335 ¹

235 3420 289 3479 ‘C.
305 3420 464 3496 Pompeius
484 3419 634 3494 Diogenes
656 3437 693 3478 ex
713 3418 848 3477 kalendis
870 3419 950 3477 Iuliis
972 3420 1145 3477 cenaculum
1167 3418 1246 3478 locat
1255 3421 1284 3492 ;'
1307 3437 1389 3478 men-

235 3517 273 3576 sis
285 3517 365 3576 enim
378 3516 431 3592 qui
444 3527 532 3575 antea
547 3517 685 3592 Quintilis
699 3527 820 3576 vocatus
831 3525 894 3575 erat
907 3517 1018 3576 A.U.C.
1036 3535 1093 3592 710
1107 3516 1199 3574 lulius
1214 3515 1310 3575 dictus
1325 3513 1390 3576 est.³

274 3614 322 3674 Ad
343 3614 402 3673 hoc
423 3614 659 3674 confirmandum
673 3614 791 3673 accedit
819 3613 898 3673 aliud
923 3624 1139 3691 argumentum,
1158 3613 1239 3689 quod
1263 3613 1388 3700 Becldus

219 3712 355 3791 'copiose
378 3710 535 3786 exposuit.4
574 3712 673 3770 Verba
701 3711 780 3770 enim
809 3713 967 3788 ‘Augusto,
989 3711 1065 3787 patri
1094 3710 1216 3786 patriae,
1245 3710 1388 3770 feliciter'

236 3808 276 3888 (c.
292 3806 346 3884 60)
364 3807 486 3868 Tiberio
500 3817 581 3868 certe
595 3826 656 3867 non
670 3807 859 3886 conveniunt,
875 3808 957 3884 quod
978 3807 1026 3866 ille
1040 3808 1131 3885 patris
1145 3807 1257 3884 patriae
1271 3807 1387 3866 titulum

275 4004 426 4056 ¹Censorin.
440 4007 471 4056 de
489 4006 538 4056 Die
555 4005 640 4056 Natali
655 4022 677 4056 c.
687 4018 719 4055 22
735 4006 768 4056 ad
784 4005 838 4066 fin.;
860 4005 891 4055 ci.
905 4005 1052 4055 Macrobl.
1066 4017 1104 4066 12,
1116 4017 1160 4071 353
1183 4005 1251 4056 Cass.
1263 4005 1322 4054 Dio.
1335 4004 1387 4054 LV.

233 4104 255 4137 c.
268 4087 296 4149 63
318 4088 421 4138 Sueton.
433 4088 485 4137 Vit.
499 4088 586 4138 Octav.
600 4104 620 4137 c.
634 4101 673 4151 31.

273 4169 285 4202 ²
297 4171 406 4220 Hermes
418 4171 495 4220 XIII.
506 4186 532 4235 p.
548 4182 601 4219 111.

273 4252 410 4307 ³Macrob.
429 4257 450 4306 Ι.
471 4268 508 4316 12,
528 4268 570 4319 345
592 4254 721 4304 Censorin.
740 4255 771 4304 de
789 4254 838 4304 Die
855 4253 941 4302 Natali
952 4268 974 4302 c.
993 4266 1025 4302 22
1036 4254 1069 4303 ad
1082 4253 1136 4313 fin.;
1158 4253 1191 4303 ci.
1205 4253 1282 4303 Dion.
1293 4251 1379 4303 XLIV

232 4352 254 4388 c.
267 4350 281 4403 5
286 4355 294 4398 ;
316 4339 418 4390 Sueton.
431 4339 481 4388 vit.
494 4338 565 4388 Caes.
578 4353 598 4388 c.
612 4337 650 4403 76.

274 4421 286 4456 ⁴
297 4421 355 4486 Quo
367 4428 453 4472 tamen
464 4420 506 4471 ille
517 4435 648 4486 perperam
660 4434 719 4469 usus
730 4426 775 4478 est,
787 4425 814 4468 ut
826 4433 901 4483 supra
912 4417 1024 4468 diximus.
