3306 5102
198 537 224 633 Ι8
647 569 693 634 H.
727 570 770 634 W.
796 570 911 652 Haley.

203 752 317 813 A.U.C.
332 755 392 830 560
405 751 436 811 in
449 761 628 828 potestatem
646 754 850 813 Romanorum
871 764 1023 813 revenerat
1039 753 1169 830 indeque
1190 753 1221 812 in
1235 772 1272 813 ea
1285 772 1356 814 con·

204 848 324 908 dicione
352 845 520 908 manserat¹
575 851 690 926 Itaque,
712 850 768 931 nisi
795 851 930 924 fallimur,
959 851 1049 911 verba
1068 851 1118 910 illa
1138 855 1224 927 ‘post
1244 851 1356 912 attritas

204 946 288 1006 bellis
309 945 509 1022 frequentibus
530 947 621 1023 opes'
635 956 771 1024 spectant
791 966 853 1007 non
874 948 969 1008 solum
989 948 1030 1008 ad
1050 948 1160 1007 damna
1179 948 1266 1025 longe
1287 958 1356 1007 ante

204 1053 329 1120 accepta
349 1042 403 1102 sed
423 1043 513 1126 etiam
533 1042 574 1103 ad
594 1043 728 1121 inopiam
748 1063 825 1121 quae
838 1045 916 1106 bella
929 1045 1027 1104 civilia
1040 1045 1130 1121 paulo
1143 1055 1212 1104 ante
1233 1045 1357 1122 Augusti

204 1141 403 1218 principatum
416 1151 500 1218 gesta
513 1152 674 1201 consecuta
687 1139 754 1202 est.²

245 1238 383 1322 Denique
398 1239 562 1315 Eumolpus
576 1249 667 1315 poeta
680 1239 755 1299 haec
769 1239 843 1299 dicit
868 1238 982 1318 (c.88)
999 1262 1005 1300 :
1029 1241 1118 1316 ‘Ipse
1139 1248 1268 1313 senatus,
1282 1240 1357 1298 recti

204 1335 334 1411 bonique
353 1347 539 1412 praeceptor,
554 1337 634 1396 mille
655 1336 759 1413 pondo
778 1337 841 1397 auri
862 1337 1012 1414 Capitolio
1032 1338 1206 1415 promittere
1227 1336 1310 1410 solet,
1326 1345 1357 1396 et

203 1433 308 1508 nequis
322 1431 438 1493 dubitet
452 1433 611 1509 pecuniam
624 1435 846 1510 concupiscere,
862 1436 965 1494 Iovem
987 1453 1106 1512 quoque
1128 1434 1249 1510 peculio
1270 1452 1354 1493 exor-

203 1531 273 1589 nat'
316 1528 376 1590 Sed
389 1530 480 1590 verba
493 1530 542 1589 illa
559 1531 649 1590 ‘recti
670 1532 799 1607 bonique
821 1533 1015 1608 praeceptor’
1038 1531 1151 1608 optime
1172 1531 1354 1591 conveniunt

203 1627 240 1687 iis
260 1627 442 1703 temporibus
462 1646 532 1687 cum
551 1630 699 1704 Augustus
719 1647 773 1705 per
795 1639 929 1688 senatum
952 1628 1096 1704 populum
1119 1630 1289 1687 Romanum
1317 1626 1357 1686 ad

204 1723 343 1801 pristinos
358 1742 454 1784 mores
468 1723 611 1785 reducere
625 1735 791 1785 conaretur.

245 1823 333 1881 Haec
343 1822 408 1881 'fere
423 1831 490 1881 sunt
505 1840 581 1898 quae
596 1823 722 1882 maxime
736 1841 791 1883 nos
804 1823 991 1883 adduxerunt
1004 1833 1037 1882 ut
1051 1823 1157 1882 itinera
1177 1822 1305 1898 Encolpi
1325 1823 1356 1880 in

204 1919 334 1996 priorem
353 1920 610 1996 partem'Augusti
629 1921 809 1996 principatus
830 1920 968 1980 incidisse
989 1920 1187 1980 crederemus.
1229 1920 1288 1980 Sed
1302 1919 1357 1979 for·

204 2019 282 2076 tasse
296 2035 406 2093 operae
420 2017 548 2102 pretium
569 2026 614 2076 est
634 2036 697 2076 rem
717 2018 838 2094 propius
852 2018 999 2094 inspicere
1019 2027 1052 2076 ut
1073 2027 1209 2093 tempora
1229 2017 1357 2092 Encolpi
1407 2011 1411 2020 ’

204 2132 294 2190 quam
322 2115 540 2192 accuratissime
561 2113 748 2174 definiantur.
790 2117 895 2191 Itaque
916 2133 977 2190 quo
997 2115 1030 2174 id
1051 2114 1163 2174 facilius
1184 2115 1245 2188 fiat,
1267 2115 1356 2173 series

205 2230 302 2270 rerum
317 2221 347 2270 et
361 2221 530 2287 temporum
543 2211 602 2271 hoc
616 2212 685 2271 loco
697 2211 878 2288 adponenda
891 2222 945 2271 est.

246 2306 295 2387 (1)
341 2308 521 2368 Octavianus
556 2319 673 2369 senatus
714 2310 850 2368 consulto
891 2311 1077 2385 ‘Augustus’
1112 2309 1277 2385 appellatus
1312 2317 1357 2367 est

204 2406 317 2467 A.U.C.
336 2423 401 2482 727.
442 2405 501 2466 Sed
522 2408 662 2466 convivae
682 2407 908 2488 Trimalchionis
929 2407 1138 2482 imperatorem
1159 2407 1355 2483 ‘Augustum’

204 2513 314 2564 vocant
331 2504 374 2581 (c.
391 2501 445 2580 60)
459 2524 468 2578 3
490 2504 590 2580 itaque
605 2522 681 2563 cena
698 2504 924 2564 Trimalchionis
946 2513 1014 2580 post
1034 2522 1103 2563 eum
1122 2503 1238 2562 titulum
1252 2502 1356 2562 datum

204 2601 308 2678 agitur.

249 2699 300 2776 (a)
326 2697 489 2773 Eumolpus
510 2697 583 2757 dicit
602 2699 644 2776 (c.
662 2699 757 2776 118):
780 2698 1000 2776 Refugiendum
1022 2708 1067 2757 est
1087 2698 1126 2758 ab
1147 2698 1229 2757 omni
1249 2698 1355 2757 verbo·

204 2814 278 2868 rum,
292 2804 325 2854 ut
338 2794 381 2854 ita
393 2795 501 2868 dicam,
515 2795 626 2855 vilitate
647 2805 677 2854 et
698 2796 860 2855 sumendae
874 2813 964 2855 voces
984 2795 1073 2871 plebe
1094 2805 1236 2868 semotae,
1251 2805 1284 2854 ut
1304 2795 1370 2853 fiat·

205 2892 275 2953 ‘odi
288 2892 444 2968 profanum
457 2892 559 2968 vulgus
573 2902 604 2952 et
621 2891 750 2953 arceo.’⁸
790 2893 860 2969 Quo
879 2903 979 2952 autem
1000 2903 1135 2968 tempore
1157 2893 1299 2953 Horatius
1321 2910 1358 2950 ea

203 2990 294 3050 verba
313 2990 463 3066 scripserit
483 2988 646 3050 edideritve
667 2991 812 3050 incertum
833 3000 887 3050 est.
929 2990 1063 3065 Plerique
1079 3000 1179 3048 tamen
1194 2989 1288 3048 critici
1303 3007 1356 3048 sex

204 3089 299 3164 prima
327 3088 459 3147 carmina
481 3088 547 3148 libri
575 3075 653 3147 tertii
680 3088 797 3147 circiter
819 3088 934 3149 A.U.C.
959 3089 1065 3164 726-8,
1087 3086 1118 3145 id
1140 3096 1194 3159 est,
1215 3086 1295 3146 haud
1316 3087 1357 3144 ita

204 3184 292 3261 longe
313 3194 381 3261 post
402 3185 512 3245 bellum
532 3185 698 3257 Actiacum,
713 3203 750 3244 eo
772 3184 832 3243 fere
853 3193 988 3260 tempore
1010 3202 1070 3260 quo
1090 3185 1239 3259 Augustus
1260 3201 1356 3242 mores

204 3282 306 3358 populi
326 3283 473 3358 corrigere
492 3282 671 3355 instituebat,
691 3282 801 3358 scripta
819 3299 884 3341 esse
906 3290 1078 3341 statuerunt.
1121 3281 1226 3356 Itaque
1245 3298 1355 3339 sermo·

203 3397 274 3438 nem
303 3380 444 3456 Eumolpi
470 3379 621 3457 aliquanto
647 3388 716 3456 post
743 3378 775 3437 id
801 3388 919 3454 tempus
948 3378 1082 3437 habitum
1117 3395 1182 3436 esse
1217 3376 1356 3436 facillime

204 3476 345 3536 conicias.

249 3571 300 3651 (3)
324 3573 434 3632 Vinum
454 3573 680 3656 Trimalchionis
701 3573 880 3632 ‘Falernum
903 3572 1096 3649 Opimianum
1118 3590 1263 3632 annorum
1285 3590 1356 3631 cen-

203 3671 285 3730 tum’
300 3669 408 3729 dicitur
427 3671 470 3749 (c.
486 3670 554 3747 34).
596 3669 655 3731 Sed
668 3671 769 3729 vinum
783 3669 975 3747 Opimianum
996 3687 1140 3729 annorum
1160 3678 1281 3728 centum
1303 3668 1357 3727 fuit

203 3767 316 3828 A.U.C.
341 3784 406 3844 733.
462 3768 569 3843 Neque
597 3777 698 3826 tamen
725 3785 848 3827 necesse
874 3777 919 3826 est
946 3766 1070 3826 verbum
1096 3765 1169 3825 illud
1197 3767 1355 3824 ‘centnm’

203 3863 323 3940 proprie
344 3864 472 3942 accipias
482 3885 491 3939 3
516 3864 663 3924 eiusmodi
684 3865 763 3924 enim
783 3864 875 3924 verba
894 3882 984 3940 saepe
1005 3882 1061 3940 pro
1081 3864 1171 3940 paulo
1198 3862 1356 3922 maioribus

204 3961 402 4022 minoribusve
416 3962 545 4022 numeris
559 3962 747 4038 ponebantur
760 3980 821 4038 quo
834 3961 951 4021 brevior
965 3971 995 4020 et
1013 3961 1188 4020 concinnior
1207 3960 1291 4019 lieret
1311 3959 1354 4019 di·

244 4204 255 4240 ¹
266 4205 361 4257 A.U.C.
374 4205 422 4272 560
433 4205 532 4256 colonia
544 4207 659 4257 Romana
670 4205 780 4257 Crotona
792 4206 900 4256 deducta
911 4212 956 4256 est.
968 4205 1022 4256 Liv.
1034 4205 1156 4256 XXXIV.
1167 4215 1208 4271 45.

243 4285 255 4321 ²
266 4287 355 4338 Sextus
367 4288 500 4353 Pompeius
511 4303 581 4339 oram
593 4289 683 4339 Bruttii
695 4288 842 4354 diripuerat;
862 4287 972 4353 Appian.
985 4287 1046 4337 Bell.
1059 4288 1112 4338 Civ.
1125 4287 1155 4336 V.
1170 4300 1208 4351 19.

243 4367 255 4403 ⁸
268 4369 332 4420 Hor.
343 4369 393 4421 Od.
405 4370 454 4420 111.
470 4382 490 4431 1,
505 4382 526 4422 1.
