3306 5102
233 612 274 677 32
568 691 571 698 ι
670 595 716 660 Η.
751 597 796 660 W.
820 595 938 680 Haley.

232 798 322 857 quam
344 780 457 841 Cumae
478 780 540 839 sine
562 779 654 840 dubio
675 780 909 841 ‘Graeca'urbs'
935 781 989 840 suit
1013 791 1114 842 tamen
1139 781 1198 841 hoc
1222 799 1334 842 nomen
1356 793 1386 842 et

233 877 362 936 Puteolis
376 877 534 950 convenit3
556 876 639 952 quod
652 876 727 936 infra
740 877 1006 937 demonstrandum
1020 887 1072 938 est.
1177 915 1181 922 ι

277 977 342 1055 (ΙΙ)
369 974 488 1034 Deinde
502 974 620 1035 colonia
633 975 664 1045 in
677 975 781 1035 urbem
791 974 1018 1035 Trimalchionis
1029 974 1159 1035 deducta
1170 985 1240 1036 erat.
1277 977 1386 1038 Cumas

231 1084 331 1132 autem
360 1083 410 1132 aut
438 1073 636 1132 atriumviris
663 1082 714 1132 aut
741 1073 780 1134 ab
808 1073 973 1133 Octaviano
996 1073 1145 1133 coloniam
1179 1074 1288 1133 factam
1322 1093 1386 1136 esse

233 1173 439 1231 Mommsenus
461 1189 498 1230 ex
518 1171 555 1230 C.
575 1171 604 1230 t.
626 1170 738 1244 litteris,
763 1188 840 1246 quae
862 1171 894 1229 in
916 1169 1031 1230 duobus
1054 1171 1144 1231 titulis
1166 1169 1387 1232 Cumanorum¹

231 1271 375 1347 leguntur,
392 1269 544 1329 conclusit
588 1269 654 1327 Has
668 1269 748 1327 enim
759 1269 870 1328 litteras
883 1269 974 1328 verba
987 1269 1150 1329 ‘Coloniae
1165 1269 1275 1328 Iuliae'
1289 1270 1386 1330 valere

231 1377 325 1444 putat.
370 1368 424 1426 Est
437 1383 527 1443 porro
540 1366 623 1425 locus
638 1365 704 1426 libri
724 1365 906 1426 coloniarum
927 1365 978 1441 qui
997 1365 1075 1425 hanc
1095 1366 1296 1426 coniecturam
1315 1381 1385 1426 con·-

231 1466 347 1523 firmare
358 1463 492 1522 videtur:
516 1463 664 1523 ‘Cumaez
687 1463 805 1523 colonia
819 1464 857 1523 ab
869 1466 1001 1539 Augusto
1012 1463 1163 1523 deducta!
1198 1462 1258 1523 Sed
1269 1473 1386 1523 constat

232 1563 342 1623 Cumas
364 1560 402 1619 ad
424 1560 559 1620 Caesaris
578 1577 671 1635 usque
694 1569 831 1637 tempora
855 1560 1049 1636 municipium
1071 1561 1159 1619 luisse
1169 1557 1199 1635 3¹
1219 1571 1249 1620 et
1273 1558 1387 1621 fistula⁸

231 1659 439 1735 imperatoriae
454 1657 558 1719 aetatis
572 1666 668 1716 exstat
681 1674 750 1716 cum
771 1657 828 1716 hac
848 1657 1058 1733 inscriptione:
1074 1656 1275 1738 ‘Publ(icum)
1292 1659 1386 1716 muni-

232 1756 339 1834 c(ipii)
358 1755 610 1833 Cumau(orum).
654 1755 793 1830 Denique
808 1755 917 1814 Plinius
931 1755 1042 1814 Cumas
1056 1755 1203 1814 coloniam
1217 1755 1304 1814 fuisse
1325 1775 1387 1815 non

233 1853 330 1913 tradit.
373 1852 489 1926 Quibus
512 1851 666 1928 pensitatis
690 1851 754 1927 ipse
779 1853 984 1910 Mommsenus
1009 1870 1104 1928 nuper
1131 1853 1224 1911 multo
1249 1852 1386 1913 dubitan-

232 1948 307 2010 tius⁴
321 1949 361 2009 de
382 1949 438 2008 hac
452 1967 484 2008 re
498 1949 614 2025 scripsit
633 1967 724 2024 quam
739 1958 827 2008 antea
839 1947 1017 2025 scripserat.l
1057 1949 1183 2009 Accedit
1204 1949 1286 2026 quod
1308 1952 1386 2009 Her-

233 2067 330 2107 meros
349 2049 392 2124 (c.
408 2045 462 2125 57)
482 2047 557 2105 haec
578 2045 669 2105 dicit:
693 2048 788 2105 ‘Puer
810 2047 962 2122 capillatus
985 2048 1016 2106 in
1037 2046 1114 2106 hanc
1137 2049 1286 2107 coloniam
1298 2048 1384 2107 veni:

231 2146 331 2206 adhuc
342 2145 463 2205 basilica
473 2163 534 2203 non
546 2154 608 2203 erat
618 2143 715 2202 facta.¹
753 2146 799 2203 Ex
809 2162 870 2219 quo
881 2145 1087 2204 Mommsenus
1098 2145 1226 2204 coniecit
1236 2145 1386 2204 coloniam

232 2245 263 2302 in
276 2244 381 2303 urbem
395 2242 556 2302 deductam
572 2260 636 2300 esse
652 2242 761 2301 eodem
775 2243 835 2300 sere
847 2251 982 2318 tempore
996 2260 1057 2317 quo
1072 2243 1237 2301 Hermeros
1259 2260 1334 2318 puer
1353 2243 1385 2302 in

232 2342 337 2401 urbem
350 2340 481 2413 venerit3
502 2358 611 2399 novam
626 2340 705 2398 enim
720 2339 872 2399 basilicam
886 2339 926 2399 ob
940 2340 1089 2398 coloniam
1100 2337 1261 2398 deductam
1276 2339 1385 2399 factam

233 2457 297 2499 esse
312 2446 405 2514 putat.
447 2438 539 2512 Quod
553 2456 644 2513 quam
657 2436 804 2495 incertum
818 2437 856 2495 sit
869 2455 959 2495 nemo
971 2455 1032 2495 non
1045 2435 1137 2495 videt.
1179 2436 1238 2496 Sed
1254 2437 1345 2495 etiam
1359 2436 1384 2497 si

231 2555 332 2594 verum
357 2545 442 2608 esset,
458 2545 558 2594 tamen
581 2553 644 2593 rem
666 2552 728 2593 non
749 2534 818 2592 satis
839 2533 997 2610 probaret3
1019 2552 1088 2592 narn
1110 2533 1249 2594 Puteolos
1266 2551 1386 2610 quoque

232 2633 350 2692 colonia
364 2632 403 2691 ab
416 2635 548 2708 Augusto
563 2630 694 2691 deducta
708 2641 761 2691 est.
803 2631 862 2691 Sed
877 2631 932 2689 hac
946 2629 985 2690 de
1000 2649 1031 2689 re
1046 2630 1121 2689 infra
1134 2631 1276 2690 dicemus.

275 2729 354 2810 (111)
378 2730 524 2808 Tertium,
549 2738 753 2805 argumentum
788 2728 871 2804 quod
898 2731 1103 2787 Mommsenus
1140 2728 1259 2803 protulit
1294 2728 1385 2788 multo

235 2828 397 2904 speciosius
425 2837 478 2886 est.
526 2827 605 2885 Nam
635 2827 677 2902 (c.
707 2825 761 2903 65)
794 2825 956 2901 Encolpius
984 2825 1075 2884 dicit:
1106 2827 1206 2885 ‘Inter
1233 2826 1308 2884 haec
1337 2827 1385 2884 tri·

232 2925 314 2983 clinii
340 2926 437 2983 valvas
464 2924 551 2983 lictor
585 2924 738 2999 percussit,
766 2923 950 2999 amictusque
977 2935 1060 2981 veste
1088 2924 1154 2983 alba
1177 2942 1247 2981 cum
1273 2923 1386 2999 ingenti

232 3023 397 3098 frequentia
411 3021 586 3080 comissator
606 3021 733 3079 intravit.
775 3022 841 3096 Ego
856 3021 1007 3079 maiestate
1029 3021 1204 3079 conterritus
1212 3029 1383 3097 praetorem

233 3119 374 3195 putabam
401 3118 526 3177 venisse.
579 3119 684 3192 Itaque
711 3118 853 3192 temptavi
881 3135 1031 3193 assurgere
1056 3127 1086 3176 et
1113 3116 1210 3176 nudos
1237 3117 1330 3194 pedes
1355 3117 1386 3176 in

233 3226 340 3274 terram
361 3215 486 3275 deferre.
528 3215 606 3273 Risit
626 3215 704 3273 hanc
719 3215 954 3290 ¹trepidationem
975 3217 1182 3290 Agamemnon
1197 3225 1227 3274 et
1244 3215 1384 3274 ‘contine

233 3323 263 3372 te
275 3315 282 3340 ’
298 3313 393 3388 inquit
407 3316 415 3344 ‘
427 3312 517 3370 homo
529 3311 707 3390 stultissime.
743 3312 900 3371 Habinnas
914 3312 990 3370 sevir
1004 3323 1049 3371 est
1063 3313 1202 3388 idemque
1214 3313 1385 3388 lapidarius,

233 3410 284 3486 qui
296 3408 413 3468 videtur
426 3419 620 3468 monumenta
632 3409 746 3485 optime
761 3410 878 3468 lacere!
920 3409 1022 3469 Cumis
1040 3420 1139 3469 autem
1159 3429 1290 3468 summos
1305 3429 1385 3486 mag·

233 3508 348 3566 istratus
363 3516 515 3583 praetores
530 3506 617 3565 fuisse
638 3515 783 3565 testantur
793 3503 1039 3583 inscriptiones3⁸
1059 3507 1157 3583 itaque
1180 3509 1385 3568 Mommsenus

232 3605 379 3663 coloniam
391 3603 617 3662 Trimalchionis
629 3603 692 3661 sine
706 3603 766 3662 ullo
776 3602 868 3662 dubio
879 3604 989 3663 Cumas
1003 3605 1090 3663 fuisse
1102 3605 1254 3663 conclusit.
1295 3603 1386 3679 Quod

233 3711 334 3760 tamen
355 3701 441 3761 valde
462 3702 608 3760 incertum
629 3718 693 3758 esse
713 3700 830 3760 videtur
839 3721 849 3775 ;
880 3720 950 3760 uam
975 3702 1055 3766 olim,
1074 3703 1181 3761 summi
1202 3701 1386 3778 magistratus

233 3799 393 3859 multorum
424 3798 651 3874 municipiorum
679 3808 709 3857 et
736 3798 919 3857 coloniarum
948 3801 1127 3875 ‘praetores’
1154 3799 1251 3858 vocati
1284 3809 1385 3872 erant;

233 3897 333 3972 itaque
348 3905 461 3972 postea,
476 3895 508 3955 id
523 3904 576 3967 est,
591 3905 688 3953 aetate
709 3896 909 3971 imperatoria,
923 3914 1104 3973 quamquam
1125 3896 1319 3972 quattuorviri
1336 3904 1386 3954 aut

274 4077 285 4112 ¹
298 4080 326 4129 C.
339 4079 360 4129 1.
374 4079 403 4129 L.
415 4080 448 4128 X.
461 4091 537 4144 37o3;
554 4090 625 4143 3704
955 4077 1031 4130 ²Cic.
1042 4081 1076 4130 ad
1086 4082 1139 4130 att.
1151 4080 1184 4130 X.
1198 4093 1236 4143 13,
1250 4092 1271 4130 r.

275 4159 286 4193 ⁸
298 4161 326 4210 C.
338 4162 359 4211 1.
373 4162 402 4211 L.
414 4162 446 4210 X.
457 4173 533 4225 3711;
549 4159 580 4209 ef.
592 4176 618 4209 n.
631 4161 695 4225 3697
710 4160 818 4226 (A.U.C.
831 4160 904 4227 761),
915 4177 965 4227 quo
977 4162 1003 4211 in
1017 4162 1089 4211 titulo
1101 4161 1267 4226 ‘municipes’
1279 4161 1386 4212 Cumani

234 4251 410 4294 memorantur.

274 4325 285 4359 ⁴
300 4327 408 4376 Hermes
419 4326 518 4376 xv111.
530 4341 554 4390 p.
570 4325 628 4386 1813
645 4324 676 4375 cl'.
691 4324 744 4388 198.
978 4325 989 4359 ⁵
1002 4328 1110 4377 Hermes
1121 4328 1197 4376 XIll.
1209 4343 1234 4392 p.
1249 4339 1303 4376 110.

274 4406 285 4440 ⁶
297 4408 325 4459 C.
338 4409 359 4458 1.
372 4408 401 4459 L.
413 4408 446 4460 X.
459 4407 523 4472 3698
538 4406 605 4470 (mn.
617 4407 679 4473 289)
693 4415 718 4458 et
730 4406 803 4473 3685,
815 4424 919 4473 quarum
930 4410 994 4460 haec
1006 4410 1115 4460 Puteolis
1127 4410 1229 4460 inventa
1240 4415 1286 4459 est.
