3306 5102
633 612 845 692 Quaestione
867 609 1095 676 Petrom'anae.
1421 625 1442 698 7

287 797 390 878 δχθὶς
410 797 466 858 καὶ
486 794 604 876 πρώην
624 793 827 874 ἅφικομένη
843 791 1009 873 Modoutoi
1032 795 1140 876 Φρυγᾶι
1159 817 1201 860 τις
1221 791 1240 875 ἢ
1265 795 1389 875 Κὰρικόν
1412 819 1441 859 τι

286 896 372 956 κακὸν
384 891 403 973 ἣ
419 893 571 972 βάρβαρον
582 890 748 970 maridas
761 889 840 969 ἠξίου
854 889 965 953 διοικεῖν
976 889 1081 964 πόλεις,
1096 895 1263 953 ἀπελάσασα
1275 895 1331 955 τῶν
1346 895 1442 957 κοινῶν

243 1024 244 1028 ¹
285 992 339 1069 riv
362 990 466 1069 libau
490 990 509 1068 l
533 988 640 1067 balb
663 989 715 1066 τὴν
740 987 906 1062 φιλόσοφον
929 988 974 1048 καὶ
998 988 1017 1065 i
1039 988 1195 1068 retundo
1216 991 1268 1067 riv
1296 990 1441 1069 σώφρονα·

286 1089 377 1164 Quae·
388 1087 516 1164 Encolpi
529 1087 630 1146 verbis
640 1096 701 1145 narn
715 1083 879 1145 consimilia·
898 1095 969 1144 suut*
978 1095 1013 1144 ut
1025 1085 1110 1145 facile
1125 1086 1255 1146 conicias
1271 1089 1443 1148 Petronium

286 1204 355 1245 eum
376 1185 407 1245 in
427 1184 533 1245 iisdem
554 1184 615 1244 sere
639 1183 824 1259 temporibus
847 1182 980 1259 posuisse
1005 1181 1111 1259 quibus
1138 1183 1297 1262 Dionysius
1328 1186 1442 1246 vixerit.

286 1281 417 1358 Quodsi
430 1299 533 1341 verum
548 1291 601 1354 est,
616 1281 739 1340 verbum
752 1278 828 1338 illud·
845 1281 975 1356 ‘nuper’
998 1279 1084 1340 facile
1104 1279 1226 1358 intelligi
1249 1293 1366 1358 potest3
1389 1283 1443 1343 sed

285 1381 310 1440 si
324 1380 502 1440 sententiam
523 1378 639 1439 Studeri
660 1387 711 1436 aut
731 1376 905 1436 Buecheleri
926 1377 1066 1452 sequeris,
1083 1376 1231 1437 difficilius
1256 1379 1313 1438 erit
1332 1379 1371 1438 ad
1393 1397 1442 1439 ex·

285 1477 466 1554 plicandum.
509 1477 592 1536 Nam·
602 1491 704 1534 verum
718 1473 841 1550 quidem
856 1483 901 1534 est
914 1473 997 1550 quod
1012 1474 1139 1534 Beckius
1154 1473 1238 1548 dicit,
1255 1485 1351 1552 nuper
1368 1494 1441 1536 non·

285 1591 447 1651 numquam
461 1591 516 1650 pro
530 1573 620 1650 longo
634 1572 777 1648 temporis
797 1571 894 1648 spatio
914 1572 987 1648 poni
997 1593 1006 1645 3
1028 1570 1082 1631 sed
1105 1571 1164 1631 hoc
1186 1572 1360 1650 plemmque
1381 1589 1441 1632 non

284 1673 318 1732 lit
335 1671 391 1731 nisi
410 1680 567 1730 contextus
588 1669 730 1729 orationis
749 1668 828 1728 clare
849 1668 962 1728 indicat
982 1669 1159 1745 scriptorem
1181 1679 1299 1746 tempus
1322 1671 1442 1748 longum

284 1768 407 1845 quidem
421 1768 493 1828 illud
507 1767 561 1827 sed
575 1767 691 1827 brevius
705 1775 806 1826 tamen
819 1766 883 1825 alio
899 1766 1031 1842 quodam
1052 1776 1194 1842 tempore·
1212 1785 1249 1826 eo
1271 1767 1366 1828 verbo'
1385 1768 1442 1845 sig·-

285 1868 404 1926 nificare
418 1865 555 1924 voluisse.

325 1965 407 2023 Bene
421 1973 521 2021 autern
535 1970 707 2038 congruunt
716 1977 792 2036 quae
807 1959 970 2036 Encolpius
991 1958 1030 2019 de
1052 1977 1136 2020 more
1158 1957 1351 2021 declamandi·
1369 1961 1443 2023 dicit

289 2062 350 2137 (cc.
368 2079 394 2134 r,
406 2058 438 2136 2)
457 2076 526 2119 cum
540 2058 637 2118 verbis
651 2058 735 2119 Cassi
753 2053 871 2130 Severi‚¹
886 2056 937 2133 qui
950 2058 1073 2134 Augusti
1088 2067 1118 2116 et
1131 2057 1233 2117 Tiberi
1258 2061 1442 2136 temporibus

285 2157 401 2217 flomit:
424 2155 588 2217 ‘Indicabo
609 2155 663 2215 tibi
684 2154 823 2214 affectum
845 2171 967 2228 meum3
992 2173 1061 2212 cum
1085 2154 1116 2214 in
1139 2154 1204 2215 foro
1228 2155 1306 2228 dico,
1331 2157 1442 2232 aliquid

283 2273 359 2332 ago:
382 2272 452 2313 cum
466 2253 613 2326 declamo,
629 2251 660 2311 id
680 2252 763 2329 quod
776 2251 936 2311 bellissime
951 2251 1131 2311 Censorinus
1145 2252 1244 2312 aiebat
1265 2253 1303 2313 de
1325 2254 1370 2313 his
1391 2254 1442 2330 qui

284 2351 412 2412 honores
425 2352 457 2410 in
470 2350 638 2426 municipiis
652 2349 808 2409 ambitiose
822 2357 968 2424 peterent,
978 2347 1083 2407 videor
1094 2347 1167 2407 milii
1181 2349 1212 2408 in
1224 2350 1345 2410 somniis
1359 2351 1440 2412 labo·

283 2467 355 2508 rare.
399 2448 518 2508 Deinde
540 2447 672 2522 res-ipsa
692 2444 808 2506 diversa
829 2455 874 2505 est
884 2467 896 2524 z,
914 2454 1010 2504 totum
1031 2445 1112 2505 aliud
1136 2455 1182 2504 est
1202 2464 1342 2523 pugnare,
1361 2448 1442 2507 aliud

283 2545 433 2605 ventilare.
469 2546 540 2605 Hoc
563 2545 604 2604 ita
621 2559 740 2620 semper
755 2543 889 2603 habitum
911 2553 964 2616 est,
979 2542 1113 2602 scholam
1133 2544 1218 2618 quasi
1242 2543 1345 2604 ludiun
1366 2563 1440 2620 esse,

284 2643 381 2701 lorum
395 2661 525 2702 arenam.
567 2643 607 2700 Et
619 2642 689 2702 ideo
703 2641 752 2701 ille
765 2641 894 2717 primum
908 2640 939 2699 in
956 2640 1020 2700 soro
1035 2640 1127 2700 verba
1150 2640 1278 2700 facturus
1300 2642 1356 2702 tiro
1377 2641 1440 2702 die*-

283 2748 330 2797 tus
344 2749 398 2798 est.
438 2738 576 2814 Agedum
597 2738 670 2798 istos
690 2736 906 2797 declamatores
927 2737 1043 2813 produc
1066 2738 1096 2797 in
1120 2745 1263 2811 senatum,
1279 2738 1309 2797 in
1324 2739 1420 2799 sorum
1430 2762 1439 2815 3

276 2847 353 2894 'cum
367 2835 436 2895 loco
450 2835 659 2909 mutabuntur3
678 2835 758 2894 velut
772 2834 895 2894 adsueta
908 2835 1009 2894 clauso
1025 2843 1055 2894 et
1071 2834 1214 2894 delicatae
1232 2837 1354 2896 umbrae
1375 2855 1439 2896 cor-

283 2947 358 3009 pora
371 2933 426 2992 sub
440 2930 514 2991 divo
524 2941 601 2991 stare
615 2950 676 2991 non
689 2941 821 3007 possunt,
833 2949 894 2990 non
909 2931 1035 2991 imbrem
1052 2931 1136 3005 ferre,
1150 2950 1211 2992 non
1226 2933 1318 2992 solem
1334 2934 1439 3008 sciunt,

282 3030 332 3088 vix
346 3047 377 3089 se
391 3029 562 3102 inveniunt;
584 3027 744 3087 adsuerunt
758 3029 837 3087 enim
851 3046 905 3087 suo
920 3029 1041 3100 arbitrio
1056 3027 1181 3089 disertos
1199 3047 1273 3089 esse.
1310 3031 1381 3090 Non
1396 3041 1441 3091 est

282 3126 365 3202 quod
386 3137 535 3186 oratorem
555 3127 586 3185 in
607 3125 664 3184 hac
684 3125 789 3202 puerili
811 3125 1022 3185 exercitatione
1045 3135 1171 3201 spectes.
1227 3127 1309 3203 Quid
1330 3129 1440 3188 si'velis

282 3225 510 3302 gubernatorem
524 3223 555 3283 in
567 3223 683 3300 piscina
697 3223 852 3282 aestimare
867 3223 898 3282 i'

325 3320 444 3380 Deinde
464 3319 759 3381 animadvertendum
781 3330 826 3379 est
846 3319 928 3396 quod
951 3321 1112 3397 Encolpius
1136 3320 1177 3380 ita
1197 3319 1237 3380 de
1251 3322 1382 3382 Crotone
1396 3324 1439 3385 lo-

282 3419 399 3494 quitur:
422 3419 518 3479 ‘Cum
539 3417 650 3478 deinde
671 3417 840 3495 diligentius
861 3419 1079 3494 exploraremus
1101 3417 1152 3494 qui
1174 3418 1310 3479 homines
1325 3421 1438 3481 inhabi-

281 3525 380 3576 tarent
393 3517 493 3576 nobile
508 3517 612 3589 solum,
627 3515 746 3592 quodve
760 3533 853 3592 genus
867 3515 1075 3592 negotiationis
1098 3516 1259 3592 praecipue
1280 3518 1442 3593 probarent

281 3624 351 3690 post
371 3614 484 3674 attritas
504 3614 595 3674 bellas
618 3614 819 3691 frequentibus
841 3618 933 3692 opes!
976 3616 1044 3690 Quo
1070 3613 1197 3674 deloco
1221 3615 1436 3676 Buechelerus:

283 3713 363 3770 ‘Iter
376 3711 518 3771 facientes
532 3711 671 3770 dicuntur
683 3731 702 3771 a
714 3713 803 3773 vilico
823 3713 1001 3789 quaesivisse
1022 3711 1104 3789 quod
1122 3729 1215 3789 genus
1231 3713 1442 3789 negotiationis·

282 3809 473 3870 Crotoniatae
488 3810 648 3886 praecipue
661 3811 822 3887 probarent
835 3822 903 3888 post
923 3813 1035 3872 attritas
1049 3811 1133 3872 bellis
1150 3812 1351 3887 frequentibus
1364 3829 1438 3887 opes

281 3916 434 3983 tamquam
448 3907 537 3966 etiam
552 3918 616 3967 tum
630 3909 732 3969 civitas
746 3909 795 3968 illa
807 3910 839 3968 in
859 3928 920 3982 sua,
935 3929 996 3969 non
1017 3909 1048 3969 in
1070 3910 1172 3986 populi
1188 3909 1316 3969 Romani
1338 3919 1436 3985 potes·

281 4012 342 4062 tate
356 4013 445 4080 atque
459 4004 595 4065 universa
609 4006 695 4065 ltalia
711 4024 772 4066 non
793 4006 906 4066 dudum
928 4016 1037 4083 pacata·
1056 4003 1174 4066 esset.’²
1215 4006 1274 4067 Sed
1288 4007 1337 4065 vix
1351 4005 1435 4064 cred·-

281 4099 351 4160 ibile
372 4111 417 4160 est
438 4103 608 4162 Petronium
629 4113 689 4163 tam
703 4103 886 4180 negligenter
899 4104 1049 4180 scripsisse
1060 4125 1069 4178 3
1094 4123 1163 4162 nam
1185 4105 1298 4164 Croton
1320 4104 1437 4163 circiter

323 4249 404 4302 ¹Sen.
422 4253 539 4302 Controv.
557 4254 635 4318 prael.
653 4254 696 4304 lib.
714 4255 763 4304 111.
779 4267 865 4316 12-14.
910 4254 995 4304 Verba
1017 4254 1118 4304 Petroni
1141 4260 1166 4303 et
1189 4254 1274 4304 Severi
1298 4255 1434 4305 consimilia

280 4349 336 4383 esse
348 4335 466 4384 concedit
479 4335 607 4395 Studerus‚
621 4337 686 4386 Mus.
700 4337 781 4386 Rhen.
792 4352 849 4386 nov.
862 4337 897 4386 11.
909 4351 934 4401 p.
947 4347 1002 4402 215.

321 4414 424 4466 ῃΡηιεί.
437 4417 470 4466 ad
481 4418 521 4467 ed.
533 4417 618 4466 maior.
631 4433 657 4481 p.
670 4418 743 4467 VIII.
