3306 5102
240 596 279 659 w
681 595 943 679 HWffiQ

235 779 291 840 τῶν
304 776 369 838 ro'rt
382 777 530 859 τραγῳδῶν
550 779 640 840 fuisse
660 779 743 854 dicit,
758 781 907 856 pertinere
927 780 1056 842 coniecit
1076 778 1238 842 studerus}
1277 782 1390 840 Vereor

235 883 336 934 tamen
349 893 388 935 ne
402 875 460 935 hoc
474 876 613 936 incertius
627 878 665 936 sit
678 895 768 954 quam
783 877 866 954 quod
885 895 941 954 pro
960 889 1032 937 vtro
1052 877 1225 953 accipiatur:
1271 879 1350 937 Nam
1364 878 1389 938 si

235 971 329 1032 modo
342 972 432 1032 verba
444 973 687 1034 Trimalchionis:
711 975 800 1036 ‘Tibi
814 975 883 1035 dico
898 975 1047 1048 Plocame,
1061 975 1135 1034 nihil
1148 976 1268 1034 narras?
1309 975 1391 1034 Nihil

234 1068 1389 1146 mmmmfflmmwmmbfflmmfflw

236 1169 338 1228 mellea
353 1168 518 1243 canurrire,'
533 1187 603 1227 cum
615 1169 713 1230 verbis
734 1170 884 1230 Plocami:
907 1169 1007 1246 ‘Quid
1028 1170 1153 1229 saltare?
1195 1169 1276 1244 Quid
1295 1172 1389 1230 diver·

234 1267 311 1326 bia?
352 1265 434 1341 Quid
458 1267 679 1325 tonstrinnmt'
704 1267 849 1340 conseres,
874 1267 1045 1327 Plocamum
1069 1266 1242 1326 comoedias
1266 1268 1390 1326 recitare

235 1363 354 1424 solitum
368 1381 432 1423 esse
447 1362 618 1424 concludes.
659 1363 838 1423 ‘Diverbia'
860 1364 940 1423 enirn
961 1361 1157 1424 comoediae²
1177 1375 1276 1440 partes
1297 1375 1390 1437 erant,

234 1461 373 1520 trimetris
387 1460 522 1520 iambicis
541 1461 677 1536 scriptae,
692 1478 769 1537 quae
784 1462 847 1520 sine
861 1471 951 1521 caum
972 1473 1003 1520 et
1023 1462 1102 1522 tibiis
1122 1462 1320 1522 recitabantur
1329 1483 1338 1536 3
1361 1472 1391 1521 et

234 1559 291 1618 nisi
305 1559 430 1618 fallimur
444 1558 585 1618 ‘melica'
599 1577 657 1618 vox
670 1558 729 1618 hoc
743 1558 811 1618 loco
825 1557 865 1617 ad
879 1559 996 1618 cantica
1009 1558 1232 1618 comoediarum
1253 1559 1390 1634 pertinet.

235 1655 317 1732 Quid
330 1666 430 1715 autem
444 1656 638 1716 ‘tonstrinum
649 1656 656 1684 ²
669 1675 729 1715 vox
742 1656 888 1732 significet
902 1674 964 1715 non
977 1657 1047 1715 satis
1061 1657 1172 1732 liquet,
1189 1655 1244 1715 sed
1258 1656 1390 1730 sortasse,

235 1753 267 1814 id
288 1751 370 1831 quod
389 1753 433 1812 vir
459 1752 647 1813 doctissimus
674 1753 747 1813 mihi
773 1771 868 1829 nuper
892 1754 1054 1830 proposuit,
1085 1771 1196 1812 nornen
1223 1763 1286 1812 erat
1308 1753 1392 1813 mimi

235 1869 326 1927 quern
340 1851 496 1910 Plocamus
508 1868 595 1927 agere
609 1851 712 1910 solitus
725 1849 840 1911 fuerat.⁸
874 1852 979 1926 Itaque
994 1851 1018 1910 si
1032 1850 1077 1909 his
1092 1851 1123 1909 in
1136 1851 1223 1910 rebus
1235 1851 1391 1911 Plocamus

235 1948 347 2007 nullum
374 1966 477 2023 parem
512 1947 615 2008 habuit
648 1948 704 2007 nisi
737 1967 829 2006 unum
863 1948 1007 2024 Apellem,
1035 1966 1132 2024 paene
1160 1948 1285 2006 efficitur
1311 1947 1391 2008 hunc

234 2046 372 2122 Apellem
392 2063 454 2104 non
475 2044 649 2122 tragoedum
670 2044 724 2104 sed
737 2046 887 2105 cornicum
908 2046 1006 2105 fuisse.
1047 2044 1175 2104 Accedit
1188 2045 1270 2121 quod
1284 2046 1391 2121 ‘Apel-

234 2143 277 2204 les
288 2141 315 2176 ’⁴
328 2153 359 2203 et
372 2153 472 2202 cetera
486 2142 632 2202 eiusmodi
651 2142 773 2202 nomina
793 2142 965 2218 saepissime
986 2142 1071 2202 nobis
1092 2152 1252 2201 occurrunt
1266 2153 1296 2202 et
1310 2142 1391 2218 apud

236 2241 392 2317 scriptores
413 2239 551 2316 antiquos
572 2250 603 2299 et
623 2240 654 2299 in
674 2240 773 2300 titulis.
815 2240 954 2316 Denique
975 2240 1039 2299 sine
1060 2238 1153 2299 dubio
1173 2240 1258 2299 multi
1282 2241 1392 2299 comici

235 2347 266 2398 et
293 2337 427 2414 tragoedi
451 2338 567 2396 hierunt
601 2353 727 2412 quorum
760 2337 882 2396 nomina
914 2346 1029 2395 tantum
1053 2347 1167 2396 servata
1193 2334 1281 2409 sunt,l
1307 2337 1392 2396 multi

236 2436 325 2495 etiam
351 2453 476 2511 quorum
500 2453 540 2494 ne
563 2435 685 2494 nomina
708 2434 829 2510 quidem
853 2435 998 2493 novimus.
1052 2433 1136 2508 Quae
1161 2452 1231 2492 cum
1258 2434 1300 2493 ita
1324 2435 1390 2506 sint,

235 2549 296 2593 non
323 2543 368 2592 est
396 2531 478 2609 quod
503 2532 593 2593 verba
623 2531 754 2590 Plocami
783 2531 822 2591 ad
850 2531 1003 2607 ‘Apellem
1037 2529 1227 2607 tragoedum'
1256 2541 1390 2607 spectare

236 2629 407 2691 concludas.

280 2727 331 2805 (3)
357 2725 476 2786 Deinde
503 2727 684 2786 Trimalchio
711 2727 780 2786 talia
807 2727 896 2785 iactat
922 2726 964 2805 (c.
987 2725 1059 2804 52):
1083 2727 1181 2785 ‘Nam
1203 2726 1391 2786 Hermerotis

236 2843 350 2902 pugnas
365 2833 395 2883 et
409 2824 543 2883 Petraitis
556 2824 587 2882 in
601 2824 715 2900 poculis
729 2823 836 2896 habeo,
864 2824 966 2882 omnia
979 2823 1166 2899 ponderosa;
1189 2841 1289 2882 meum
1310 2824 1391 2883 enim

235 2922 399 2999 intelligere
426 2921 506 2980 nulla
532 2922 659 2997 pecunia
685 2920 804 2980 vendo!
833 2920 880 2981 Cf.
905 2939 931 2980 c.
963 2938 1018 2996 713
1055 2920 1167 2980 ‘Valde
1197 2931 1226 2979 te
1254 2939 1328 2997 rogo
1356 2930 1390 2979 ut

236 3019 401 3079 secundum
415 3018 509 3095 pedes
523 3028 635 3078 statuae
649 3035 734 3077 meae
748 3018 884 3077 catellam
905 3035 999 3093 ponas
1013 3027 1043 3076 et
1058 3036 1183 3077 coronas
1198 3028 1228 3077 et
1241 3028 1391 3094 unguenta

277 3241 288 3278 ¹
300 3244 366 3293 Mus.
380 3244 462 3292 Rhen.
475 3259 531 3293 nov.
544 3242 579 3292 11.
591 3259 616 3307 p.
629 3256 684 3305 219.

276 3324 338 3376 ²Cs.
350 3326 467 3374 Diomed.
482 3341 506 3390 p.
518 3338 564 3387 491
580 3326 653 3374 Keil:
673 3326 766 3374 Donat.
784 3327 816 3375 de
834 3325 971 3374 Comoedia
988 3326 1021 3374 ad
1038 3325 1079 3374 fin.
1097 3331 1123 3374 et
1140 3325 1171 3374 al.
1190 3325 1241 3375 Sed
1257 3324 1390 3390 scriptores

236 3409 333 3473 antiqui
344 3422 475 3472 nusquam,
487 3409 556 3472 quod
567 3408 652 3466 sciam,
664 3408 808 3471 tragoediae
820 3415 904 3472 partes
912 3412 920 3436 ⁴
929 3408 1054 3457 diverbia’
1068 3423 1121 3457 esse
1140 3408 1280 3457 adfirmant.
1314 3407 1390 3471 Quod

236 3491 305 3542 casui
323 3490 482 3540 tribuendum
499 3505 553 3540 esse
571 3505 623 3538 non
639 3489 744 3540 videtur.
778 3490 817 3540 Cf.
828 3497 914 3539 tamen
926 3490 1050 3540 Ribbeck.
1061 3495 1068 3518 ⁴
1079 3490 1215 3539 Rbmische
1232 3490 1389 3554 Tragoedie,'

235 3590 279 3640 n>-
291 3574 380 3637 ⁶33·7·

277 3653 392 3704 ⁸Neseio
410 3670 444 3704 an
460 3655 510 3705 hoc
526 3655 678 3704 vocabulum
700 3655 768 3705 idem
785 3654 837 3705 iere
860 3655 984 3718 significet
1001 3657 1069 3720 quod
1086 3656 1250 3716 ‘tonstrina’;
1275 3655 1306 3706 ci.
1324 3655 1390 3720 ‘pis-

235 3738 344 3797 trinum’
357 3738 492 3802 ‘pistrina'
505 3737 656 3798 ‘ustrinum,’
668 3738 791 3787 ‘ustrina’
826 3738 877 3788 Sed
892 3738 995 3787 fortasse
1014 3738 1170 3787 ‘artificium’
1189 3738 1390 3788 subaudiendum

236 3827 286 3880 est:
307 3821 375 3885 quod
391 3819 532 3869 confirmari
543 3820 641 3869 videtur
657 3820 707 3870 alio
724 3819 780 3869 loco
798 3826 936 3869 saturarum
953 3820 996 3868 ubi
1013 3820 1206 3869 ‘tonstreinum’
1217 3836 1266 3869 vox
1276 3835 1322 3884 pro
1335 3827 1389 3869 ton-

236 3903 314 3953 strino
326 3902 429 3952 artificio
446 3903 548 3967 ponitur
562 3902 598 3966 (c.
611 3902 668 3966 46).
703 3903 845 3966 Utcumque
862 3903 911 3951 hoc
929 3903 983 3962 erit,
995 3909 1056 3967 puto
1074 3902 1219 3951 Plocamum
1235 3903 1340 3952 mimmn
1350 3903 1391 3951 vel

236 3993 334 4051 partem
346 3986 493 4035 comoediae
505 3985 531 4033 in
543 4000 592 4049 qua
609 3991 722 4034 tonsores
738 3985 914 4035 deridebantur
932 4001 962 4034 eo
978 3985 1056 4034 verbo
1073 3986 1224 4048 designasse.
1258 3985 1315 4034 Nisi
1326 3984 1391 4034 sorte

236 4069 324 4132 volgus
336 4083 453 4118 scaenam
464 4067 490 4117 in
502 4083 552 4132 qua
563 4067 677 4117 credulus
693 4068 770 4116 homo
788 4068 866 4132 probe
884 4067 1057 4132 decipiebatur
1072 4068 1250 4117 ‘tonstrinum’
1265 4067 1391 4118 vocabant

239 4149 285 4215 (cs.
298 4151 376 4200 Plaut.
390 4151 483 4200 Bacch.
496 4150 531 4200 11.
544 4163 567 4213 3,
579 4150 609 4199 8:
629 4149 767 4199 ‘Tondebo
786 4187 791 4199 .
810 4187 816 4199 .
835 4185 840 4197 .
859 4166 936 4215 usque
949 4152 981 4199 ad
993 4151 1076 4198 vivam
1094 4151 1207 4215 cutem.')
1221 4150 1389 4201 Buechelerus

237 4239 321 4283 autern
332 4232 436 4282 verbum
447 4232 518 4281 aliter
530 4231 653 4297 explicare
666 4239 770 4282 conatus
781 4239 819 4281 est
833 4233 887 4296 (ed.
899 4239 954 4282 tert.
966 4248 990 4296 p.
1007 4231 1075 4295 134).

277 4313 338 4364 ⁴Cs.
357 4314 461 4364 Forcell.
480 4314 610 4365 Onomast.
628 4330 671 4364 s.v.
689 4314 834 4379 ‘Apelles';
855 4315 884 4365 C.
896 4314 917 4363 1.
929 4314 958 4364 L.
971 4315 1017 4364 IX.
1029 4314 1090 4378 8343
1113 4328 1189 4378 2129;
1211 4315 1287 4380 6079:
1310 4315 1387 4381 5089:

237 4397 270 4446 X.
285 4409 346 4460 1403
351 4414 358 4456 ;
381 4397 458 4461 38773
480 4394 556 4461 76183
578 4395 643 4462 8056
655 4403 680 4445 et
691 4396 761 4446 mult.
774 4395 802 4445 al
905 4393 916 4428 ⁶
928 4396 966 4447 Cf.
978 4396 1123 4461 ‘Ephesum
1140 4399 1304 4460 tragoedum:
1317 4414 1338 4446 c.
1352 4409 1388 4461 70·
