3306 5102
199 605 242 684 ³0
646 603 913 688 mmmm

198 797 288 862 quam
317 786 460 862 Neapolis
484 784 639 860 meminit,¹
664 797 765 847 tamen
790 805 857 848 earn
885 787 1034 848 coloniam
1062 778 1152 848 luisse
1178 785 1241 848 nori
1268 775 1352 848 droit

198 881 325 942 Accedit
353 881 436 960 quod
456 884 648 960 quattuorviri
671 884 862 961 Neapolitani
882 881 913 944 in
934 879 1148 962 inscriptione¹
1167 884 1353 944 commemo·

198 993 307 1043 rantur.
351 971 488 1057 Denique
504 979 627 1042 decreta
647 982 801 1060 municipii
822 992 946 1057 exstant,
962 1001 1053 1042 unum
1075 983 1204 1058 incertae
1227 981 1354 1042 aetatis³

199 1091 229 1142 et
243 1081 305 1142 duo
325 1081 430 1140 aetatis
445 1078 666 1157 vespasianae.⁴
707 1082 767 1141 His
787 1081 941 1158 pensitatis
964 1081 1170 1142 Mommsenus
1191 1076 1354 1159 Neapolim

199 1181 286 1240 tertio
299 1180 361 1240 iere
376 1189 444 1256 post
458 1180 608 1240 Christum
622 1179 740 1240 saeculo
755 1181 890 1242 coloniae
904 1181 1024 1240 nornine
1042 1189 1176 1240 omatam
1197 1197 1261 1240 esse
1282 1185 1354 1240 ceh-

200 1275 265 1337 set!
306 1278 478 1353 Utcumque
491 1277 550 1337 hoc
565 1284 638 1351 erat,
654 1279 797 1355 Neapolis
811 1297 872 1338 non
886 1289 956 1338 ante
972 1279 1100 1338 Neronis
1114 1287 1195 1338 certe
1216 1273 1354 1354 tempora

200 1375 318 1434 bolonia
332 1375 410 1434 iacta
425 1371 491 1434 est.⁸
532 1369 638 1452 Itaque
652 1393 713 1435 non
727 1383 790 1435 erat
803 1377 872 1436 urbs
886 1375 1123 1436 Trimalchionis.
1356 1367 1359 1374 ’

240 1474 284 1534 Ut
310 1489 399 1549 supra
426 1473 563 1546 diximus,
590 1474 731 1550 pleraque
759 1475 790 1533 in
817 1475 935 1534 colonia
960 1473 1188 1533 Trimalchionis
1215 1471 1356 1531 Romana

201 1571 292 1630 erant.
335 1569 425 1645 Quod
441 1570 570 1647 Neapoli
582 1571 663 1631 nullo
678 1569 770 1632 modo
784 1571 925 1632 conuenit
933 1592 943 1646 ς
963 1571 1006 1632 ibi
1020 1571 1100 1630 enim
1114 1583 1207 1646 usque
1228 1564 1267 1628 ad
1289 1569 1355 1627 Ha-

201 1666 296 1727 driani
310 1677 446 1742 tempora
459 1668 606 1744 permulta
620 1669 737 1728 Graeca
750 1678 842 1728 erant.
884 1668 929 1729 Cf.
945 1669 1036 1728 verba
1052 1667 1212 1740 Strabonis,
1226 1667 1277 1744 qui
1297 1666 1352 1725 cir-

201 1765 276 1824 citer
288 1765 402 1825 A.U.C.
420 1782 476 1840 730
491 1765 588 1824 floruit
606 1766 659 1845 (V.
680 1765 711 1842 7)
728 1787 734 1825 :
756 1766 852 1844 μηνύει
866 1763 895 1825 ll
909 1767 945 1826 ni
958 1767 1014 1826 τῶν
1028 1763 1218 1844 δημάρχων
1231 1762 1356 1839 ὂνόμιιτιι

200 1865 237 1922 ἰὰ
256 1863 308 1938 μὲν
327 1863 424 1939 πρῶτα
436 1859 590 1940 Ἑλληνικὰ
609 1861 684 1933 ὄντα,
699 1865 736 1922 τὰ
755 1859 785 1921 δὲ
803 1859 909 1940 ὕστερα
927 1865 986 1924 τοῖς
1006 1857 1182 1939 Ἑλληνικοῖς
1201 1857 1300 1936 ἀναμὶξ
1318 1861 1357 1919 τὸ.

201 1960 378 2035 Καμπανικά.
420 1961 543 2018 πλεῖστα
569 1957 593 2018 δ’
619 1959 684 2038 ἴχνη
703 1961 754 2036 τῆς
767 1957 934 2038 Ἑλληνικῆς
950 1961 1066 2038 ἀγωγῆς
1086 1956 1203 2019 ἐνταῦθα
1225 1955 1355 2028 σώζεται,

193 2055 342 2135 ’γυμνάσιά
354 2080 386 2116 τε
400 2055 445 2114 καὶ
456 2056 580 2133 ὶφηβεῖα
590 2055 635 2114 καὶ
648 2058 781 2134 φροτρίοι
796 2056 840 2116 καὶ
854 2055 977 2132 ὀνόματα
986 2051 1147 2134 Ἑλληνικὰ,
1160 2055 1256 2132 καίπερ
1267 2053 1358 2114 duruit

199 2150 357 2229 Ῥωμαίωνε
387 2153 455 2232 (VI.
482 2151 515 2228 2)
534 2152 592 2214 νυνὶ
612 2151 641 2212 δὲ
658 2153 734 2230 πλὴν
757 2155 897 2231 Τάραντος
920 2152 965 2212 καὶ
977 2149 1089 2231 Ῥηγίου
1117 2152 1162 2210 καὶ
1185 2147 1356 2212 Neaethus

201 2249 442 2328 tkssnpssapbodm
463 2249 649 2328 συμβέβηκεν
671 2253 789 2311 ἅπαντα.
832 2250 988 2309 Accedunt
1015 2251 1106 2309 verba
1131 2249 1228 2307 Taciti
1261 2247 1356 2327 (Anu.

200 2348 265 2406 XV.
281 2344 333 2425 33)
350 2364 427 2423 quae
441 2349 529 2423 'supra
543 2346 707 2406 citavimus.
749 2348 837 2406 Haec
852 2347 953 2407 omnia
966 2365 1056 2423 quam
1070 2345 1198 2406 maxime
1213 2344 1358 2420 inscripti-

201 2444 307 2505 onibus
322 2445 540 2503 confirmantur.
584 2445 664 2502 Nam
685 2443 774 2503 etiam
795 2444 980 2520 imperatoris
993 2445 1053 2502 Titi
1074 2443 1257 2519 temporibus
1275 2443 1354 2500 Nea·

201 2541 325 2618 politani
340 2542 456 2601 Graeca
469 2541 568 2617 lingua
581 2543 757 2615 utebantu13
775 2542 857 2600 cuius
871 2542 914 2600 rei
927 2551 1133 2618 argumentum
1147 2549 1242 2600 exstat
1255 2540 1357 2598 titulus

202 2639 238 2698 C.
254 2640 278 2697 I.
295 2639 328 2697 L.
342 2640 380 2711 X,
398 2641 485 2711 1481,
500 2638 636 2697 ‘Graece
651 2647 681 2697 et
696 2639 800 2698 Latine
815 2639 949 2715 scriptus,
964 2637 1017 2697 sed
1036 2647 1069 2696 ut
1088 2639 1205 2698 Graeca
1224 2637 1356 2714 priorem

201 2737 301 2794 locum
323 2745 463 2809 teneant3
485 2745 601 2795 exstant
622 2735 743 2795 decreta
770 2736 923 2812 municipii
949 2747 1068 2813 praeter
1093 2753 1123 2795 n.
1152 2753 1228 2811 1490
1251 2734 1358 2793 aetatis

202 2833 332 2891 incertae
349 2831 410 2891 duo
430 2851 461 2891 n.
482 2834 558 2909 1489
579 2843 609 2892 et
630 2833 666 2893 C.
682 2834 706 2892 Ι.
722 2834 774 2893 Gr.
789 2851 819 2892 n.
835 2835 913 2910 5838
935 2833 1039 2893 aetatis
1058 2833 1257 2908 Vespasianae
1278 2849 1356 2906 quae

202 2929 361 2989 ostendant
375 2929 414 2988 ad
429 2929 460 2988 id
474 2947 566 3005 usque
582 2939 699 3006 tempus
713 2941 744 2990 et
758 2930 881 2990 fortasse
903 2941 1008 3006 postea
1021 2946 1140 3006 quoque
1155 2937 1223 2988 acta
1235 2929 1358 3007 publica

202 3027 331 3102 Neapoli
346 3028 461 3086 Graece
477 3027 615 3086 conlecta
629 3046 702 3086 esse.
745 3028 868 3088 Licebat
882 3045 952 3087 sane
971 3029 1028 3086 civi
1046 3028 1244 3103 Neapolitano
1266 3027 1358 3086 etiam

202 3126 307 3184 Latina
321 3126 420 3201 lingua
433 3125 464 3183 in
478 3124 567 3184 titulis
582 3125 644 3198 uti3
666 3124 719 3184 sed
734 3126 785 3185 diu
800 3126 932 3202 plerique
947 3145 983 3185 ea
1004 3122 1246 3185 abstinuerunt.'⁷
1288 3125 1360 3199 Qua

202 3222 241 3282 de
264 3240 354 3282 causa
377 3222 558 3298 antiquiores
582 3222 658 3282 tituli
681 3222 809 3299 Neapoli
831 3224 941 3299 reperti
964 3223 1097 3299 plerique
1118 3223 1233 3282 Graece
1254 3221 1358 3298 scripti

201 3329 277 3378 sunt.
320 3318 447 3378 Accedit
474 3319 556 3395 quod
583 3320 613 3378 in
641 3320 770 3379 decretis
797 3321 919 3380 nomina
946 3322 1092 3380 mensium
1119 3319 1212 3379 modo
1240 3321 1361 3380 Graeca

202 3426 278 3489 sunt,
300 3415 391 3475 modo
418 3413 575 3475 Romana.⁸
625 3417 762 3492 Denique
784 3417 969 3494 magistratus
989 3418 1021 3476 in
1041 3417 1131 3477 titulis
1152 3416 1360 3492 Neapolitanis

202 3594 341 3657 adscriptus
353 3593 379 3641 in
392 3593 417 3642 id
429 3593 593 3658 municipium
607 3601 666 3643 ante
684 3593 811 3644 civitatem
828 3593 901 3644 sociis
918 3601 943 3645 et
961 3595 1058 3644 Latinis
1074 3595 1174 3644 datam!
1209 3594 1247 3644 Cf.
1260 3593 1311 3643 Cic.
1323 3590 1359 3642 ad

200 3677 253 3724 Att.
265 3676 299 3725 Χ.
316 3685 353 3738 13,
367 3687 392 3735 r;
413 3690 459 3739 pro
472 3674 552 3724 Balbo
565 3687 593 3725 οι
606 3681 631 3724 et
642 3687 681 3741 55.
945 3675 955 3710 1
968 3678 1035 3727 Hist.
1046 3677 1104 3727 Nat.
1117 3677 1167 3725 111.
1180 3676 1219 3726 62.

241 3755 254 3790 ²
265 3757 294 3807 C.
309 3757 330 3808 1.
343 3757 373 3806 G.
387 3756 459 3823 5796,
472 3757 577 3820 ἄρξαντα
588 3757 715 3821 τεσσέρων
726 3759 825 3822 ἀνδρῶν.
943 3757 955 3792 ⁸
967 3760 995 3810 C.
1007 3761 1029 3810 1.
1042 3760 1071 3809 1.
1084 3760 1117 3809 X.
1132 3772 1202 3821 1490.

241 3838 293 3890 ⁴C.
306 3840 326 3890 1.
339 3840 368 3889 L.
381 3839 414 3889 X.
430 3838 504 3902 1489;
526 3839 554 3890 C.
566 3840 587 3890 1.
600 3840 631 3890 G.
644 3839 720 3907 58385
742 3842 773 3892 cf.
786 3843 937 3892 Mommsen.
956 3842 984 3892 (¹.
996 3843 1017 3890 Ι.
1031 3842 1061 3891 L.
1075 3842 1108 3892 X.
1122 3854 1143 3900 1,
1155 3858 1180 3907 p.
1196 3853 1250 3907 171.

241 3920 563 3986 lehhxnpmn

241 4003 387 4055 οὈΙιινοΙιΙ
401 4019 427 4053 es
440 4004 497 4054 eine
510 4005 629 4055 Inschriil
640 4005 782 4056 frithestens
793 4008 837 4057 des
855 4020 870 4071 3
886 4007 1068 4072 Jahrhunderts
1083 4007 1159 4070 giebt,
1171 4004 1266 4055 welche
1277 4006 1358 4055 wahr-

200 4086 339 4138 scheinlich
357 4087 438 4137 dieser
457 4087 529 4136 Stadt
541 4088 663 4150 angehlirt
676 4091 727 4140 und
739 4089 774 4139 sie
792 4090 829 4139 ais
846 4089 945 4140 colonia
957 4089 1114 4147 bezeichnet,
1127 4105 1156 4137 so
1172 4089 1242 4136 kann
1259 4088 1295 4137 sie
1313 4089 1363 4137 das

201 4169 379 4220 Colonierecht
401 4171 546 4234 unmb'glich
567 4171 646 4220 achon
665 4187 710 4220 vor
730 4173 775 4221 der
792 4172 959 4221 neronischen
982 4171 1086 4236 Epoche
1109 4171 1238 4220 erworben
1257 4169 1362 4220 habeu.''

202 4255 353 4304 Mommsen.
370 4254 479 4304 Hermes
490 4254 567 4303 ΧΙΙΙ.
579 4269 604 4318 p.
619 4266 677 4313 110;
699 4253 730 4303 cf.
743 4253 771 4304 C.
784 4254 804 4303 1.
818 4254 846 4306 L.
857 4254 874 4304 l.
887 4269 921 4316 c.;
942 4253 1045 4305 Beloch.
1057 4254 1145 4319 Camp.
1157 4268 1182 4319 p.
1194 4266 1235 4315 40.

241 4335 558 4402 'GLLanmn

242 4415 302 4470 ⁸Cf.
316 4419 344 4468 C.
366 4419 387 4468 1.
405 4419 436 4468 G.
455 4418 526 4484 5838,
545 4417 574 4468 ιδ’
592 4423 736 4480 Ληναιῶνος,
754 4426 780 4469 et
796 4418 860 4468 infra
876 4419 997 4482 'lavhlun3
1019 4419 1092 4487 5785,
1110 4421 1251 4470 Πανθιῶνος
1267 4413 1359 4481 pandat

201 4501 274 4569 5836,
289 4501 452 4566 'larounpiam
475 4500 548 4568 5843,
561 4501 712 4564 Ἀπρςιλῐοιν.
