3306 5102
239 619 283 666 20
692 604 737 696 H
769 604 813 670 W.
837 604 954 687 Haley.

223 783 358 847 'libertus
374 786 446 860 fuit3
468 786 551 864 quod
565 787 629 863 ipse
643 789 827 848 Burmannus
846 788 1028 864 probabilius
1042 806 1109 848 esse
1124 785 1293 848 concessit.l
1334 789 1390 847 Ita·

237 900 297 958 que
310 893 427 942 nonest
440 883 523 959 quod
536 883 586 943 hic
599 885 683 944 locus
698 885 819 950 Petroni
832 885 1111 967 nobisopponatur.

283 980 334 1060 (5)
361 982 415 1040 Est
430 991 531 1042 autem
553 990 585 1041 et
604 982 677 1041 alius
691 982 774 1042 locus
793 983 837 1062 (c.
855 980 907 1059 73)
923 1004 929 1042 :
953 982 1091 1043 (Deinde
1104 993 1137 1042 ut
1151 983 1275 1043 lassams
1289 1001 1392 1043 conse·

237 1078 293 1152 dit,
307 1078 445 1138 invitatus
466 1078 564 1139 balnei
585 1098 659 1139 sono
681 1079 798 1140 diduxit
818 1098 911 1156 usque
932 1080 972 1140 ad
1000 1098 1150 1140 cameram
1173 1099 1207 1140 os
1228 1080 1342 1140 ebrium
1363 1091 1394 1140 et

238 1176 339 1252 coepit
361 1176 541 1237 Menecratis
562 1177 679 1236 cantica
701 1177 841 1251 lacerare,
863 1178 939 1237 sicut
959 1177 1001 1244 illi
1025 1177 1167 1238 dicebant
1187 1179 1240 1254 qui
1263 1178 1393 1254 linguam

239 1275 302 1332 eius
315 1273 527 1350 intellegebant
537 1276 564 1348 ’3
586 1292 676 1350 quern
697 1275 798 1334 locum
813 1271 974 1336 Studerus²
987 1285 1018 1334 et
1032 1274 1252 1335 Buechelerus⁸
1265 1274 1304 1334 ad
1318 1275 1392 1334 cith-

238 1371 383 1431 aroedum
399 1372 613 1444 Menecratem,
629 1389 720 1448 quem
735 1373 817 1432 Nero
835 1371 890 1431 viri
910 1372 1098 1448 triumphalis
1117 1373 1297 1448 patrimonio
1318 1372 1392 1433 don-

238 1465 318 1543 avit,⁴
332 1469 479 1546 pertinere
500 1469 702 1528 coniecerunt.
745 1469 805 1529 Sed
824 1469 900 1529 haec
921 1471 1023 1546 opinio
1044 1471 1092 1529 vel
1111 1470 1309 1530 incertissima
1330 1481 1391 1529 est:

238 1585 350 1626 nomen
364 1567 443 1625 enim
457 1568 679 1626 ‘Menecrates'
695 1568 865 1643 saepissime
886 1567 967 1644 apud
987 1568 1145 1644 scriptores
1166 1568 1302 1644 antiquos
1323 1568 1393 1643 legi-

239 1661 306 1724 tur.⁵
346 1663 473 1723 Accedit
494 1664 577 1740 quod
599 1662 722 1724 Suidas⁶
735 1665 809 1724 dicit
824 1667 1029 1725 Menecratem
1050 1664 1201 1741 quendam
1221 1665 1395 1724 comoedias

239 1761 409 1838 scripsisse3
431 1760 470 1821 ad
485 1779 575 1837 quem
590 1759 733 1821 Beckius'
749 1763 840 1822 verba
854 1763 975 1822 Petroni
989 1772 1124 1839 spectare
1138 1762 1276 1822 coniecit.

284 1860 334 1938 (6)
361 1859 509 1918 Dominus
530 1870 630 1918 autem
651 1860 877 1920 Trimalchionis
899 1860 992 1920 Gaius
1012 1860 1172 1936 Pompeius
1192 1869 1315 1919 vocatus
1329 1855 1395 1918 est.⁸

239 1958 345 2033 Itaque
362 1955 502 2016 Studerus
519 1957 619 2017 locum
632 1954 746 2015 Taciti⁰
759 1958 856 2017 adfert
870 1976 930 2034 quo
946 1958 983 2018 C.
1002 1958 1161 2033 Pompeius
1181 1957 1285 2016 consul
1306 1956 1394 2015 luisse

244 2054 374 2133 (A.U.C.
391 2055 466 2132 802)
485 2053 603 2113 dicitur.
645 2054 705 2114 Sed
725 2072 909 2130 praenomen
929 2055 1015 2114 huius
1039 2054 1164 2130 Pompei
1184 2053 1309 2114 dubium
1330 2064 1375 2113 est
1384 2075 1393 2128 3

239 2169 309 2210 nam
333 2152 365 2211 in
386 2152 480 2212 Fastis
504 2152 672 2212 Antiatibus
696 2151 819 2228 legitur:
842 2153 899 2227 ‘Q.
927 2152 1057 2210 Veranio
1081 2154 1117 2212 A.
1139 2152 1283 2227 Pompeio
1308 2152 1395 2211 Gallo

241 2251 328 2309 coss!
363 2248 491 2308 Accedit
505 2249 587 2326 quod
601 2268 713 2309 nomen
728 2249 782 2310 ‘C.
797 2250 974 2325 Pompeius’
990 2267 1079 2325 saepe
1094 2249 1199 2325 legitur
1210 2249 1241 2307 in
1252 2249 1351 2322 titulis,
1362 2259 1395 2308 ut

240 2347 381 2406 Studems
396 2357 477 2406 recte
493 2345 575 2407 dicit.
618 2347 703 2423 Quae
728 2366 797 2406 cum
818 2347 860 2406 ita
874 2347 941 2419 sint,
956 2345 1074 2407 Studeri
1091 2346 1264 2405 coniectura
1282 2345 1396 2406 incerta

146 2461 149 2468 ⁴
239 2463 304 2504 esse
315 2444 441 2518 videtur,
456 2445 629 2521 praesertim
645 2464 714 2503 cum
728 2444 866 2505 dominus
880 2444 1106 2503 Trimalchionis
1118 2444 1288 2519 Campanus
1299 2444 1395 2503 fuerit.
1470 2471 1472 2478 ⁴

285 2543 335 2620 (7)
362 2542 481 2602 Deinde
496 2542 577 2618 apud
589 2543 760 2602 Petronium
775 2542 898 2618 legimus
914 2541 955 2622 (c.
974 2540 1025 2618 77)
1042 2563 1048 2600 :
1062 2541 1127 2601 ‘Ad
1138 2559 1293 2613 summam,
1306 2541 1394 2600 Scau-

240 2658 288 2698 rus
310 2658 379 2698 cum
401 2639 460 2698 huc
483 2640 566 2699 venit
587 2657 732 2715 nusquam
757 2639 899 2699 mavoluit
921 2639 1073 2714 hospitari,
1091 2649 1122 2697 et
1143 2637 1233 2698 habet
1253 2637 1292 2696 ad
1313 2655 1395 2696 mare

239 2747 397 2813 paternum
417 2736 602 2813 hospitium.'
655 2739 747 2797 Hunc
768 2755 833 2796 esse
854 2737 1014 2796 Aemilium
1035 2738 1176 2797 Scaumm
1198 2737 1394 2807 Mamercum,

239 2833 291 2910 qui
310 2834 424 2895 A.U.C.
451 2837 505 2910 787
532 2834 588 2895 sibi
613 2844 741 2894 mortem
766 2831 941 2908 conscivit,¹⁰
961 2835 1091 2894 coniecit
1112 2834 1240 2893 Beckius
1251 2830 1288 2906 3¹¹
1312 2832 1394 2908 quod

239 2942 357 2991 nostrae
372 2932 536 2990 sententiae
550 2950 612 2992 non
626 2941 780 3008 repugnat.
823 2933 903 2990 Nam
917 2949 977 3007 quo
992 2950 1070 2990 anno
1085 2932 1211 2991 Scaurus
1226 2932 1395 2989 Mamercus

238 3039 325 3089 natus
339 3029 377 3088 sit
391 3047 453 3088 non
466 3027 607 3088 traditum
627 3039 691 3103 est;
714 3028 768 3088 sed
781 3029 863 3101 nihil,
878 3028 961 3103 quod
982 3028 1084 3102 sciam,
1099 3026 1227 3103 impedit
1240 3027 1312 3102 quin
1326 3044 1395 3085 eum

280 3251 396 3302 ¹Adrmt
406 3253 439 3302 ad
451 3267 473 3302 c.
482 3265 521 3314 29.
829 3250 841 3284 ⁹
853 3251 918 3301 Mus.
931 3251 1013 3301 eren.
1026 3267 1083 3300 nov.
1096 3251 1132 3300 11.
1143 3266 1169 3315 p.
1182 3262 1238 3314 219.

280 3333 383 3384 8Ρηεί.
396 3336 429 3384 ad
441 3336 481 3384 ed.
489 3335 576 3385 maior.
584 3351 609 3400 p.
618 3334 692 3385 VIII.
832 3333 844 3367 4
857 3333 924 3383 Suet.
936 3333 978 3382 vit.
990 3333 1050 3383 Ner.
1063 3348 1085 3383 c.
1097 3345 1136 3397 30.

279 3414 291 3450 ὅ
303 3417 380 3480 Pauly
391 3421 398 3444 ⁴
408 3417 686 3482 Real·Encylopaedie’
698 3431 718 3467 s.
730 3432 753 3467 v.
765 3416 956 3466 ‘Menecrates’

278 3498 372 3550 ⁰Suid.
397 3515 441 3550 s.v.
465 3497 636 3564 Μενεκράτην
662 3497 819 3564 Meverpdrns
842 3496 953 3560 κωμικός.
998 3496 1107 3564 δράματα
1129 3499 1204 3548 αὐτοῦ
1227 3495 1395 3562 Μανίκτωρῆ

239 3581 383 3648 Ἑρμιονεύς,

278 3663 289 3699 ⁷
301 3668 373 3729 ‘Age
386 3664 415 3714 of
429 3664 561 3714 Petronius
571 3664 688 3724 Arbiter,'
700 3681 726 3730 p.
738 3664 778 3715 80.

280 3747 340 3799 ⁸Ci.
353 3748 395 3797 ‘C.
408 3747 543 3812 Pompeius
553 3747 721 3807 Trimalchio:
735 3763 771 3798 cc.
784 3761 824 3812 30,
837 3760 865 3813 71
872 3765 880 3809 ;
896 3751 904 3776 ‘
911 3747 940 3798 C.
955 3747 1090 3812 Pompeius
1101 3747 1247 3810 Diogenes?
1259 3763 1281 3796 c.
1294 3745 1334 3810 38.
1358 3745 1396 3797 Hi

238 3831 320 3881 liberti
333 3846 426 3880 nomen
438 3845 454 3879 a
466 3831 569 3879 domino
582 3837 716 3880 traxerunt.

279 3911 360 3965 ’Tan
378 3916 445 3962 Arm.
463 3913 524 3962 XII.
544 3925 573 3980 5:
592 3915 636 3964 ‘C.
650 3913 770 3979 Pompeio
787 3914 819 3978 Q.
833 3913 943 3964 Veranio
961 3913 1121 3962 consulibus!
1156 3911 1194 3962 Ci.
1213 3911 1291 3962 Solin.
1308 3911 1329 3962 1.
1348 3924 1394 3975 292

238 3998 282 4048 ‘C.
294 3996 429 4062 Pompeius
445 3996 532 4046 Gallus
548 4004 574 4047 et
587 3998 620 4062 Q.
632 3998 771 4048 Veranius!
806 3997 940 4047 Frontinus
956 4005 1040 4047 autem
1060 3997 1106 4062 (dc
1123 3998 1238 4062 Aquaed.
1258 3994 1317 4060 102)
1337 3995 1396 4045 huic

239 4080 360 4146 Pompeio
373 4096 514 4145 cognomen
527 4082 644 4146 Longum
657 4082 783 4133 adtribuit.
818 4082 868 4132 Sed
886 4083 1007 4132 Studems
1017 4097 1075 4130 eum
1087 4081 1115 4131 C.
1127 4081 1275 4146 Pompeium
1286 4080 1396 4144 ‘lengi-

238 4165 314 4214 num’
326 4181 459 4230 perperam
472 4165 590 4232 appellat.

279 4245 567 4312 ¹⁰Tac.Ann.V1.29;
588 4249 657 4300 Cass.
674 4249 724 4299 Dio
740 4248 837 4300 LVIII.
855 4262 894 4311 ²4·
929 4249 1049 4300 Studems
1067 4247 1188 4300 Scaurum
1204 4248 1317 4300 Neronis
1333 4255 1395 4298 tern-

238 4330 340 4398 poribus
352 4338 477 4381 mortuum
489 4347 543 4382 esse
560 4332 645 4382 scribit
660 4333 741 4395 (Mus.
755 4330 851 4396 Rhen.)
865 4331 938 4396 lapsu
949 4330 1046 4390 calami.
1058 4338 1086 4381 ut
1097 4338 1166 4396 puto.

279 4411 301 4450 ¹1
312 4416 385 4478 ‘Age
397 4414 427 4464 of
441 4414 572 4464 Petronius
583 4414 701 4474 Arbiter,’
713 4430 756 4480 pp.
769 4413 842 4478 81-3.
