3306 5102
604 616 815 697 Quaestiones
836 615 1065 681 Petronianae.
1378 629 1417 698 17

262 805 460 882 fragmentum
473 820 571 863 errore
586 800 725 862 Petronio
739 819 758 860 a
772 801 892 860 Perotto
906 798 1087 860 adtributum
1102 817 1185 859 esse·
1177 816 1263 894 ,qua
1276 797 1316 860 de
1329 817 1417 859 causa

263 901 462 962 Buechelerus
476 899 590 960 stellula
604 898 635 958 id
650 897 813 958 denotavit.
882 937 885 942 -

303 996 422 1059 Deinde
443 997 565 1056 nomina
585 997 714 1056 virorum
735 1003 769 1054 et·
786 994 961 1054 seminarum
981 1011 1058 1069 quae
1078 983 1381 1076 apud-Petronium
1373 1013 1416 1054 rn-

261 1096 417 1156 veniuntur
437 1093 591 1154 tractanda
611 1102 687 1153 sunt.
730 1092 788 1152 His
809 1091 889 1151 enim
909 1091 963 1150 viri
984 1077 1066 1150 docti
1087 1109 1178 1167 saepe
1199 1090 1283 1150 abusi
1297 1101 1365 1151 sunt
1379 1092 1419 1152 ad

263 1212 329 1254 suas
352 1193 513 1252 sententias
534 1189 712 1268 probandas.
754 1191 860 1265 Itaque
886 1205 1110 1264 nonnumquam
1134 1189 1165 1247 iu
1189 1189 1278 1248 miros
1306 1207 1419 1250 errores

263 1290 431 1350 inciderunt
440 1311 449 1364 3
471 1307 597 1365 quorum
618 1306 710 1347 unum
730 1287 858 1363 exempli
879 1304 969 1345 causa
982 1285 1181 1361 adponemus.
1221 1287 1349 1362 Magnus
1370 1288 1420 1347 ille

264 1382 461 1448 Niebuhrius¹
487 1386 543 1446 sibi
566 1393 749 1462 persuaserat
770 1384 941 1445 Petronium
969 1384 1068 1444 Severi
1089 1383 1274 1459 imperatoris
1303 1393 1419 1461 tempo·

262 1487 342 1546 ribus
355 1486 461 1545 vixisse
471 1506 481 1559 3
503 1482 586 1561 quod
598 1500 644 1544 -ex
663 1481 855 1558 inscriptione
876 1480 1005 1558 quadam
1025 1480 1133 1560 (Orelli
1146 1499 1176 1541 n.
1195 1481 1288 1560 1175)
1307 1491 1420 1541 temere

262 1584 440 1656 coniecerat,
462 1583 608 1658 deceptus
631 1578 821 1640 similitudine
842 1580 1007 1639 nominum.
1050 1572 1156 1655 Itaque
1184 1588 1217 1637 ut
1242 1579 1419 1638 sententiam
1451 1656 1453 1660 .

262 1697 344 1739 suam
373 1681 522 1757 probaret,
548 1680 648 1738 locum
674 1678 793 1737 Petroni
822 1679 865 1755 (c.
897 1676 951 1755 69)
984 1676 1107 1736 adtulit:
1138 1677 1202 1736 ‘Sic
1231 1695 1280 1736 me
1309 1676 1420 1736 salvum

262 1777 397 1837 habeatis
410 1787 443 1836 ut
458 1795 515 1853 ego
529 1777 571 1834 sic
586 1776 718 1836 solebam
739 1776 835 1858 ipsam
856 1777 1056 1834 Mammaeam
1080 1773 1254 1834 debattuere
1276 1785 1309 1834 ut
1330 1775 1421 1834 etiam

216 1921 218 1926 ,
263 1874 401 1934 dominus
415 1875 631 1950 suspicaretur;
645 1871 789 1949 quemad
804 1875 1013 1946 Mammaeam,
1029 1871 1129 1932 Severi
1144 1881 1270 1931 matrem
1286 1882 1419 1948 spectare

263 1970 400 2032 credidit.
441 1970 501 2032 Sed
516 1970 713 2029 Buechelerus
726 1988 827 2029 veram
841 1970 1001 2029 lectionem
1017 1970 1181 2045 ‘ipsumam
1196 1971 1314 2043 meam‚’
1330 1969 1361 2029 id
1376 1979 1421 2028 est

263 2070 414 2127 dominam
430 2087 535 2141 meam,
550 2069 708 2126 revocavit.
1255 2125 1260 2138 ,

304 2165 362 2226 Sed
377 2176 410 2224 ut
423 2164 463 2225 ad
477 2184 540 2226 rem
557 2174 746 2238 revertamur,
761 2165 867 2224 seriem
888 2155 1042 2224 nominum
1063 2153 1144 2240 quae
1162 2165 1193 2222 in
1214 2165 1420 2240 quaestionem

262 2265 384 2323 veniunt
398 2264 447 2322 hic
461 2263 656 2340 adponemus.

308 2362 358 2440 (ι)
384 2363 421 2420 In
435 2360 565 2420 editione
580 2359 754 2420 Buecheleri
767 2359 892 2436 legimus
923 2358 987 2438 (Fr.
1001 2357 1071 2436 VI.)
1088 2380 1094 2418 :
1118 2357 1276 2437 ‘(Satura)
1297 2360 1359 2418 sola
1376 2369 1421 2426 est

263 2476 339 2534 quae
367 2458 490 2518 modum
514 2459 642 2533 imponit
669 2458 840 2530 furentibus,
859 2457 929 2516 licet
957 2456 1133 2515 Petroniana
1163 2457 1249 2515 subet
1273 2457 1419 2517 Albucia)

264 2558 354 2614 Hanc
381 2556 537 2614 Albuciam
565 2554 692 2614 eandem
721 2555 808 2614 fuisse
836 2572 911 2630 quae
935 2572 953 2612 a
973 2553 1079 2613 Tacito
1105 2553 1198 2633 (Anu.
1215 2554 1269 2613 VI.
1292 2572 1342 2631 47,
1360 2553 1416 2631 48)

264 2662 513 2712 commemoratur
527 2653 655 2711 coniecit
670 2648 854 2711 Munlrerus.²
894 2650 953 2711 Sed
974 2650 1049 2709 haec
1071 2650 1242 2710 coniectura
1257 2651 1305 2710 vel
1326 2651 1420 2711 incer·

263 2749 375 2808 tissima
403 2759 456 2808 est.
512 2749 642 2808 Primum
675 2750 755 2808 enim
782 2749 910 2808 feminae
937 2748 1019 2807 cuius
1046 2749 1168 2808 Tacitus
1199 2749 1333 2808 meminit
1359 2768 1421 2809 non

262 2847 405 2906 Albuciae
432 2865 543 2906 nomen
566 2856 628 2906 erat
650 2846 704 2906 sed
724 2846 895 2905 Albucillae.
946 2845 1065 2905 Deinde
1086 2846 1144 2906 hoc
1168 2847 1364 2923 fragmentum
1384 2865 1422 2906 ex

263 2962 354 3020 opere
382 2945 527 3022 Fulgenti‚
548 2943 676 3005 hominis
703 2943 953 3020 neglegentissimi
973 2953 1004 3002 et
1024 2941 1183 3015 levissimi,³
1206 2953 1331 3003 tractum
1357 2954 1420 3016 est;
1481 2965 1484 2971 ·

262 3041 375 3118 quade
389 3042 688 3101 causaBuechelerus
709 3041 853 3100 stellulam
874 3041 902 3100 ei
922 3051 956 3100 ut
976 3040 1069 3101 dubio
1091 3040 1238 3117 adposuit.
1282 3042 1420 3118 Denique

263 3140 425 3199 similitudo
446 3140 600 3200 nominum
619 3139 700 3199 nullo
721 3137 813 3199 modo
834 3138 941 3198 sufficit
961 3138 1000 3197 ad
1023 3158 1086 3198 rem
1109 3138 1293 3215 probandam
1316 3139 1372 3198 nisi
1391 3149 1421 3198 et

263 3238 326 3296 aliis
339 3238 519 3314 argumentis
533 3237 732 3297 confirmatur.

309 3335 359 3414 (ι)
386 3337 472 3393 Haec
486 3352 605 3410 quoque
619 3334 700 3410 apud
715 3334 884 3394 Petronium
901 3333 941 3414 (c.
952 3333 1005 3411 64)
1022 3333 1162 3411 legimus:
1185 3333 1285 3409 ‘Quid
1296 3335 1421 3394 saltare?

264 3432 345 3508 Quid
360 3431 513 3491 diverbia?
553 3431 634 3507 Quid
649 3433 845 3492 tonstrinum?
887 3432 1016 3507 Quando
1037 3451 1139 3508 parem
1155 3431 1245 3492 habui
1259 3432 1314 3491 nisi
1329 3451 1420 3492 unum

263 3529 466 3605 Apelletem?’
510 3531 601 3588 Hunc
614 3529 714 3588 locum
728 3529 767 3589 ad
781 3530 917 3606 Apellem
932 3527 1126 3606 tragoedum⁴
1140 3530 1191 3606 qui
1213 3531 1271 3590 Gai
1286 3529 1420 3590 Caesaris

263 3627 446 3702 temporibus
461 3627 559 3686 floruit
581 3644 730 3703 quemque
755 3627 873 3687 Cassius
894 3627 954 3687 Dio
974 3629 1068 3706 (LIX.
1085 3626 1118 3705 5)
1140 3629 1190 3688 τὸν
1205 3626 1421 3703 εὔδοκιμώτατον

305 3843 537 3895 1‘Denkschrilten
555 3845 579 3895 d.
598 3845 690 3894 Berlin.
708 3845 808 3904 Alrad.,'
829 3845 901 3910 1823,
920 3847 956 3896 ll.
974 3862 999 3911 p.
1018 3859 1063 3912 251
1081 3861 1164 3911 seqq.;
1187 3845 1218 3895 cl.
1232 3845 1330 3895 Studer.
1354 3845 1419 3894 Mus.

265 3927 347 3976 Rhen.
360 3943 416 3976 nov.
429 3927 464 3976 11.
476 3943 503 3992 p.
519 3939 562 3991 71;
583 3927 663 3976 Beck.
681 3930 753 3991 ‘Age
770 3927 800 3977 ol
817 3928 948 3978 Petronius
965 3928 1081 3988 Arbiter,’
1096 3944 1139 3993 pp.
1152 3940 1191 3993 35,
1206 3927 1250 3990 365
1273 3925 1420 3977 Buecheler.

263 4009 341 4073 prael.
358 4010 391 4058 ad
408 4010 448 4059 ed.
465 4009 552 4058 maior.
564 4025 588 4074 p.
601 4010 664 4070 111.;
686 4011 837 4060 Mommsen.
851 4012 939 4062 Herm.
957 4012 1033 4061 XIII.
1046 4026 1071 4075 p.
1087 4011 1133 4061 106
1151 4011 1222 4070 adn.;
1245 4008 1323 4060 Orelli
1340 4009 1419 4060 lnscr.

265 4091 319 4140 Lat
328 4091 349 4140 I
357 4107 381 4155 p.
390 4103 446 4156 257.
535 4091 600 4142 ²Ad
611 4091 804 4156 Fulgentiuml.
811 4111 836 4159 p.
845 4108 889 4160 23,
905 4096 936 4146 cf.
945 4097 1042 4156 Studet,
1052 4097 1118 4147 Mus.
1127 4096 1210 4146 Rhen.
1219 4111 1277 4144 nov
1286 4094 1322 4143 11
1330 4109 1354 4155 p
1363 4103 1419 4142 221.

303 4173 400 4224 ⁸Zink.
412 4174 588 4239 ‘Fulgentius’
600 4191 677 4242 p..93

303 4257 364 4309 *Οἱ
388 4259 490 4311 Sueton.
514 4262 592 4326 Calig
609 4276 654 4327 33.
674 4265 758 4313 ‘Inter
775 4264 857 4312 varios
874 4263 943 4313 iocos
961 4279 1018 4312 curn
1033 4263 1150 4313 assistens
1174 4260 1333 4311 simulacrum
1351 4258 1420 4309 Iovis

263 4341 378 4406 Apellem
390 4345 538 4406 tragoedum
552 4346 715 4395 consuluisset
727 4352 782 4395 uter
793 4346 828 4394 illi
840 4345 918 4395 maior
929 4336 1062 4404 videretur,
1075 4350 1234 4394 cunctantem
1254 4342 1358 4406 flagellis
1370 4341 1417 4392 dis·

262 4423 330 4484 cidit,
343 4424 489 4475 collaudans
499 4426 604 4476 subinde
616 4442 704 4476 vocem
717 4426 786 4492 quasi
799 4427 876 4476 etiam
886 4427 912 4476 in
924 4427 1019 4491 gemitu
1030 4426 1191 4492 perdulcem’
