3306 5102
657 591 868 671 Quaestt'oncs
888 590 1117 660 Petroniam.
1421 613 1440 682 3
1444 615 1461 684 3

348 776 413 857 (II)
438 775 558 838 Deinde
578 773 659 852 apud
680 775 851 836 Petronium
871 774 952 838 nulle
977 775 1090 836 mentio
1110 775 1144 835 fit
1165 776 1309 853 Apollinis
1334 779 1461 844 Cumani

299 884 334 934 et
348 875 516 948 Demetros,
531 873 582 949 qui
595 873 698 934 Cumis
712 873 840 932 maxime
854 867 1047 940 colebantur.1
1077 871 1204 932 Accedit
1218 873 1301 950 quod
1317 881 1462 956 templum

299 971 446 1050 Apollinis
460 980 492 1032 et
504 981 620 1030 antmm
634 970 770 1047 Sibyllae,
780 987 857 1047 quae
872 987 926 1047 per
933 978 1027 1030 totam
1041 968 1145 1031 orbem
1154 978 1296 1031 terrarum
1309 976 1464 1040 notissima

299 1080 395 1144 crant,
403 1088 466 1130 non
480 1065 770 1129 commemorantur.¹
797 1070 837 1129 At
850 1077 955 1132 contra
962 1066 1142 1127 Trimalchio
1154 1085 1186 1128 se
1203 1069 1343 1148 Sibyllam
1355 1074 1387 1134 in
1400 1094 1463 1136 am

298 1170 382 1246 pulla
389 1168 522 1246 pendere
530 1168 634 1230 Cumis
641 1167 750 1228 vidisse
761 1166 853 1242 dicit;
868 1168 951 1245 quod
961 1185 1022 1228 non
1033 1167 1128 1228 solum
1141 1168 1297 1232 ridiculum
1309 1170 1463 1234 sedetiam

299 1267 427 1344 impium
443 1267 556 1327 civibus
581 1266 639 1328 suis
652 1267 747 1326 visum
764 1277 851 1341 esset,
866 1267 891 1325 si
904 1266 969 1343 ipsc
984 1267 1086 1326 Cumis
1103 1285 1173 1327 cum
1187 1266 1219 1328 id
1243 1266 1357 1330 diceret
1379 1270 1461 1331 habi-

298 1373 387 1425 taret.
428 1365 508 1424 Nam
529 1365 619 1424 etiarn
640 1364 666 1424 si
685 1365 837 1424 oraculum
856 1365 981 1442 Augusti
1003 1365 1185 1441 temporibus
1212 1365 1272 1426 iam
1295 1375 1391 1426 totum
1413 1385 1462 1426 ex·

299 1463 442 1522 stinctum
470 1472 542 1534 erat,
571 1471 673 1521 tamen
705 1461 857 1522 Cumanos
885 1461 923 1522 de
952 1461 1062 1539 Sibylla
1090 1480 1143 1522 sua
1171 1462 1245 1522 tales
1277 1481 1370 1540 nugas
1401 1474 1463 1526 tam

297 1559 442 1619 audacter
454 1577 588 1618 namasse
601 1559 682 1618 nullo
696 1558 789 1618 modo
803 1559 944 1622 credibile
959 1568 1014 1619 est.

346 1655 427 1736 (ΙΙΙ)
454 1656 594 1732 Denique
621 1655 713 1716 multa
735 1656 791 1715 alia
812 1656 851 1716 de
876 1656 995 1716 colonia
1027 1656 1135 1718 tradita
1161 1667 1229 1718 sunt
1255 1675 1333 1734 quae
1360 1659 1463 1722 Cumis

296 1772 363 1814 non
383 1754 573 1814 conveniunt.
615 1753 695 1812 Nam
713 1753 745 1812 in
763 1753 881 1814 colonia
904 1754 1104 1830 negotiatores
1124 1763 1156 1814 et
1178 1765 1359 1814 mercatores
1379 1766 1463 1818 erant

300 1861 390 1926 atque
412 1851 477 1928 ipse
501 1850 681 1910 Trimalchio
702 1849 884 1927 negotiando
909 1851 991 1910 dives
1015 1852 1110 1911 sactus
1136 1861 1207 1911 erat.
1252 1851 1312 1912 Sed
1337 1853 1463 1930 Augusti

297 1947 484 2023 temporibus
503 1947 616 2007 Cumae
639 1948 805 2023 emporium
826 1958 1008 2008 nouerant:
1040 1949 1156 2008 Puteoli
1179 1949 1258 2008 enim
1283 1960 1462 2010 mercatores

297 2044 341 2104 ad
369 2063 402 2105 se
425 2041 620 2104 adduxerant.
669 2044 797 2105 Accedit
820 2043 903 2122 quod
926 2045 996 2106 urbs
1026 2045 1091 2122 ipsa
1117 2047 1320 2108 Cumanorum
1350 2047 1462 2108 nullum

297 2151 420 2218 portum
434 2139 584 2202 habebat.³
619 2141 738 2202 Deinde
749 2141 845 2202 forum
854 2143 970 2219 vesperi
981 2147 989 2175 ‘
1001 2143 1166 2219 frequentia
1179 2162 1279 2203 rerum
1296 2145 1462 2204 venalium'

277 2246 332 2308 ¹ct
354 2238 441 2299 turba
464 2239 637 2300 coctionum
661 2240 807 2316 repletum
829 2249 919 2317 atque
942 2241 1065 2317 ‘ingens
1088 2241 1332 2302 scholasticorum
1358 2242 1461 2302 turba'

297 2335 403 2396 Cumis
438 2336 534 2396 minus
568 2337 760 2396 conveniunt.
814 2339 971 2398 Praeterea
997 2338 1029 2396 in
1058 2338 1176 2398 colonia
1212 2339 1295 2398 multi
1325 2339 1462 2402 homines

296 2443 465 2492 exterarum
478 2433 611 2510 gentium
624 2443 728 2508 erant3
750 2432 804 2494 sed
818 2434 878 2494 hoc
900 2435 1008 2495 mirum
1021 2434 1147 2509 videtur,
1162 2436 1188 2496 si
1202 2434 1325 2511 quidem
1343 2437 1462 2498 colonia

296 2534 427 2589 ⁴vacuae
443 2531 574 2590 Cumae'
589 2540 661 2592 erat.
703 2531 762 2592 His
785 2531 824 2592 de
846 2532 942 2592 causis
957 2531 1074 2593 colonia
1094 2532 1322 2592 Trimalchionis
1345 2535 1459 2594 Cumae

296 2626 388 2686 misse
402 2645 463 2686 non
476 2627 602 2688 videtur.

341 2723 480 2784 Puteolos
504 2733 605 2784 autem
625 2724 773 2785 coloniam
794 2725 1020 2786 Trimalchionis
1045 2726 1143 2800 fuisse,
1163 2726 1207 2786 vir
1232 2727 1459 2803 Neapolitanus,

296 2819 442 2880 Cataldus
464 2820 632 2894 Iannellius,
652 2822 773 2898 primus,
794 2821 877 2898 quod
900 2823 1003 2896 sciam,
1024 2821 1226 2884 demonstrare
1249 2834 1373 2884 conatus
1394 2822 1461 2885 est.⁴

300 2919 393 2978 Hunc
406 2918 501 2976 virum
518 2917 642 2978 doctum
656 2919 743 2994 pauci
759 2919 808 2978 alii
822 2921 916 2980 secuti
933 2929 1000 2980 sunt
1009 2941 1019 2994 3
1040 2939 1100 2997 quo
1117 2921 1148 2979 in
1163 2939 1287 2981 numero
1306 2921 1459 2997 quondam

296 3015 354 3075 snit
374 3014 542 3075 Ludovicus
564 3015 819 3076 Friedlaenderns.
861 3017 915 3076 Ille
937 3018 1017 3078 enim
1039 3036 1077 3077 ex
1095 3019 1216 3095 vigilum
1237 3020 1388 3078 mentione
1415 3021 1458 3097 (c.

302 3115 355 3190 79)
374 3113 513 3173 Puteolos
532 3113 682 3173 coloniam
702 3123 834 3176 nostram
855 3115 943 3174 fuisse
957 3115 1153 3176 concluserat.
1193 3115 1253 3176 Sed
1273 3127 1379 3192 postea
1399 3118 1457 3193 pri·

296 3227 384 3270 orem
397 3210 576 3269 sententiam
590 3211 702 3270 reiecit.
744 3213 850 3288 Itaque
865 3213 955 3270 ‘Non
971 3212 1022 3270 tali
1043 3213 1151 3272 auxilio
1172 3230 1228 3271 nec
1251 3211 1457 3274 defensoribus

296 3306 362 3366 istis
381 3309 515 3383 Tempus
538 3309 625 3384 eget'
667 3308 726 3368 Sed
748 3306 925 3381 Belochius‚⁶
942 3309 993 3385 qni
1020 3310 1107 3370 urbes
1128 3310 1312 3386 Campaniae
1334 3311 1457 3387 diligen-

295 3404 412 3464 tissime
433 3405 596 3480 exploravit
617 3416 648 3465 ct
662 3405 828 3484 descripsit,
843 3424 913 3466 cum
927 3407 1071 3467 Iannellio
1085 3408 1245 3468 consensit.

338 3502 538 3563 Buechelerus
558 3513 658 3562 autem
679 3503 719 3562 de
736 3504 865 3564 Puteolis
884 3504 958 3564 haec
973 3505 1106 3581 scripsit:
1130 3507 1266 3565 ‘Graeca
1278 3505 1347 3566 urbs
1361 3523 1391 3583 p.
1407 3510 1457 3583 96,

302 3616 318 3676 7
332 3600 440 3660 mirum
455 3611 500 3660 est
513 3602 649 3676 prolecto
663 3601 687 3660 si
704 3602 866 3662 Puteolana
882 3602 985 3662 civitas
998 3613 1121 3662 vocatur
1136 3613 1198 3662 tam
1215 3603 1267 3662 diu
1281 3621 1299 3661 a
1312 3604 1456 3664 Romanis

294 3697 413 3757 colonis
429 3698 561 3758 habitata
573 3716 672 3774 neque
687 3699 820 3760 Graecae
835 3699 928 3775 magis
942 3717 1032 3775 quam
1046 3700 1192 3759 variarum
1205 3701 1359 3760 nationum
1372 3720 1455 3761 com·

339 3904 350 3939 ¹
361 3906 414 3956 Cic.
426 3906 458 3956 de
470 3907 527 3956 Div.
540 3906 562 3956 1.
573 3906 618 3970 98;
640 3907 728 3960 notus
739 3907 776 3957 11.
788 3906 811 3967 8,
824 3919 839 3971 3
844 3925 851 3968 ;
867 3906 960 3972 Vergil
972 3907 1038 3958 Aen.
1050 3907 1095 3958 VI.
1107 3921 1124 3971 9
1135 3922 1217 3973 seqq.;
1238 3907 1303 3958 Plut.
1315 3907 1378 3958 Virt
1391 3908 1454 3958 Mul.

294 3987 343 4048 26;
358 3988 528 4039 (21.1..x.n.
537 3989 682 4055 3685,etal.
743 3987 1100 4054 *Verg.Aen.Vl.42seqq.;
1117 3989 1178 4040 Stat.
1189 3989 1248 4040 Silv.
1255 3990 1286 4039 V.
1295 4002 1318 4053 3,
1329 4002 1382 4055 172,
1390 3997 1415 4039 et
1422 3991 1453 4040 al.

338 4068 423 4120 ⁸‘Als
439 4071 624 4122 Handelsstadt
640 4071 672 4123 ist
689 4072 772 4136 Kyme
782 4071 850 4121 wohl
866 4072 972 4121 niemals
988 4072 1132 4122 bedentend
1149 4085 1274 4136 genesen.
1310 4072 1396 4122 Schon
1414 4073 1454 4123 die

295 4153 368 4217 Lege
380 4169 414 4204 an
427 4155 472 4204 der
481 4153 630 4204 halenlosen
647 4155 729 4206 Kiiste
746 4155 819 4219 zeigt,
830 4155 888 4204 dass
904 4154 946 4204 bei
962 4155 1008 4204 der
1018 4154 1160 4218 Griindung
1175 4169 1239 4218 ganz
1256 4155 1350 4204 endere
1368 4155 1451 4204 Riick·

292 4235 397 4286 sichten
407 4237 574 4301 massgebend
585 4239 685 4288 waren!
720 4237 822 4287 Beloch.
835 4237 923 4302 Camp.
934 4253 960 4302 p.
975 4248 1028 4302 157.

337 4316 349 4351 ⁴
361 4319 408 4367 ‘ln
420 4318 482 4369 Cod.
494 4319 649 4370 Perottinum
661 4319 848 4370 dissertationes
859 4321 924 4379 tres‚’
936 4335 980 4386 pp.
992 4319 1097 4370 CXLII.
1109 4333 1179 4385 seqq.

337 4397 447 4466 ⁵Camp.
460 4416 503 4466 pp.
518 4400 572 4461 108,
587 4401 641 4464 116,
655 4414 710 4468 117,
725 4414 779 4466 134,
791 4409 816 4452 et
827 4401 860 4453 al.
