3306 5102
647 593 857 673 Quaestiones
878 594 1109 658 Petrom'an‘ae.
1422 610 1457 673 13

344 775 452 836 Gravia
466 787 567 836 autern
585 787 653 836 sunt
672 795 748 855 quae
763 780 969 838 Mommsenus
989 777 1028 837 de
1050 796 1199 837 servorum
1228 791 1258 838 et
1286 778 1458 836 libertorum

303 874 529 950 cognominibus
543 875 673 950 protulit.
715 876 745 934 Is
760 875 840 934 enim
853 875 980 935 conlatis
994 875 1137 951 exemplis
1157 894 1219 935 rem
1238 879 1281 938 sic
1301 873 1459 954 exposuit.¹

304 973 521 1047 Imperatorum
535 972 694 1048 propinqui
708 982 738 1031 et
756 972 809 1031 viri
827 973 996 1048 potentium
1014 973 1219 1049 nobiliumque
1238 977 1370 1052 gentium
1389 993 1457 1052 per·

304 1070 411 1130 multos
425 1087 524 1130 servos
538 1070 696 1142 habebant,
711 1070 787 1129 inter
804 1087 880 1145 quos
899 1069 982 1130 multi
1004 1069 1139 1130 eiusdem
1157 1074 1343 1148 cognominis
1364 1083 1456 1136 eraut.

307 1169 411 1243 Itaque
433 1185 493 1245 quo
515 1167 627 1226 facilius
649 1166 906 1243 distinguerentur,
930 1169 1019 1227 moris
1041 1178 1104 1227 erat
1125 1178 1158 1227 ut
1180 1170 1256 1229 servi
1277 1171 1328 1247 qui
1350 1190 1368 1230 a
1389 1171 1458 1232 viris

303 1265 573 1340 potentissimarum
582 1265 715 1342 gentium
724 1275 891 1324 emerentur
900 1283 952 1324 sua
962 1265 1086 1341 quisque
1101 1267 1281 1341 cognomina
1294 1287 1313 1326 a
1325 1269 1456 1343 priorum
1476 1281 1484 1296 ’

302 1363 491 1422 dominorum
518 1363 687 1422 nominibus
715 1363 977 1438 cognominibusve
1005 1372 1100 1421 tracta
1126 1364 1305 1439 acciperent.
1348 1366 1455 1441 Neque

302 1469 403 1518 tamen
417 1461 597 1535 cognomina
610 1478 686 1535 qnae
700 1469 789 1519 antea
802 1460 964 1520 habuerant
982 1461 1167 1532 amittebant,
1182 1461 1236 1520 sed
1255 1480 1365 1521 novum
1385 1481 1454 1540 cog·

302 1575 413 1616 nomen
427 1557 518 1633 priori
531 1556 755 1633 adiungebatur.
797 1557 856 1632 Qui
874 1568 974 1616 autem
995 1557 1091 1616 liberti
1112 1558 1183 1617 facti
1204 1569 1288 1618 erant
1307 1560 1395 1618 simili
1416 1559 1455 1620 de

302 1673 391 1713 causa
405 1654 467 1714 duo
480 1655 660 1731 cognomina
678 1654 837 1714 habebant.
860 1656 984 1730 Itaque
1004 1655 1028 1714 si
1048 1655 1098 1730 qui
1117 1654 1156 1714 de
1176 1656 1286 1715 libertis
1304 1657 1366 1716 duo
1385 1675 1454 1733 cog-

302 1753 424 1811 nomina
450 1751 653 1828 possidebant,
681 1753 770 1829 paulo
805 1752 990 1811 honestiores
1016 1753 1123 1812 ceteris
1155 1753 1339 1812 habebantur
1373 1755 1453 1830 quod

302 1849 552 1909 nobilissimorum
567 1861 598 1908 et
612 1849 822 1909 ditissimorum
836 1850 966 1908 virorum
980 1849 1077 1909 liberti
1092 1861 1199 1910 essent.

344 1949 431 2006 Haec
451 1946 511 2006 sere
536 1948 740 2006 Mommsenus
750 1943 780 2021 3¹
804 1947 909 2023 quibus
931 1947 1086 2023 pensitatis
1109 1948 1259 2008 credimus
1285 1950 1454 2009 Petronium

302 2043 419 2104 duobus
433 2044 472 2103 de
483 2045 579 2103 causis
594 2044 812 2103 Maecenatiani
826 2061 994 2120 cognomen
1008 2045 1221 2104 Trimalchioni
1235 2045 1363 2120 dedisse,
1378 2056 1410 2105 ut
1425 2056 1455 2106 et

302 2141 505 2218 adrogantiam
519 2152 549 2200 et
563 2142 717 2200 mollitiem
732 2141 794 2200 eius
814 2141 970 2200 salsissime
990 2140 1168 2201 ostenderet.
1213 2143 1292 2202 Nam
1316 2153 1347 2202 et
1367 2142 1453 2203 adro·

301 2240 397 2316 gantis
411 2239 538 2298 hominis
550 2249 613 2297 erat
626 2239 749 2297 alterum
764 2257 932 2315 cognomen
946 2239 1067 2299 arbitrio
1081 2257 1135 2299 suo
1149 2239 1205 2299 sibi
1218 2239 1376 2299 adsumere
1394 2259 1454 2316 quo

302 2337 455 2397 honestior
467 2336 624 2408 videretur,
640 2345 670 2394 et
690 2337 851 2394 Maecenas
870 2336 993 2395 mollitie
1012 2336 1223 2396 famosissimus
1244 2335 1328 2396 erat.3
1369 2338 1454 2396 Licet

302 2444 401 2492 autem
414 2433 665 2492 Trimalchionem
680 2433 899 2492 Maecenatiani
912 2451 1081 2510 cognomen
1092 2433 1176 2492 domi
1192 2435 1268 2493 inter
1288 2435 1367 2494 cives
1386 2453 1454 2494 suos

302 2549 361 2591 non
376 2532 512 2590 habuisse
526 2531 691 2606 suspiceris.
733 2530 812 2588 Nam
826 2531 857 2588 in
871 2530 998 2590 fascibus
1012 2531 1191 2604 seviralibus,
1206 2533 1257 2608 qui
1271 2533 1301 2590 in
1320 2533 1455 2608 postibus

302 2628 419 2686 triclinii
433 2628 483 2686 fixi
494 2639 584 2701 erant,
600 2628 658 2686 hoc
673 2639 736 2686 erat
755 2628 897 2703 scriptum
923 2631 965 2706 (c.
989 2629 1065 2705 30):
1089 2629 1142 2688 ‘C.
1164 2630 1309 2704 Pompeio
1329 2630 1453 2688 Trimal-

302 2725 411 2798 chioni,
426 2726 521 2785 seviro
541 2727 702 2802 Augustali,
717 2727 879 2785 Cinnamus
900 2724 1105 2802 dispensator.'
1147 2726 1208 2787 Sed
1229 2728 1253 2785 si
1273 2728 1454 2786 Trimalchio

302 2822 425 2881 altemm
436 2840 605 2898 cognomen
616 2823 677 2882 iure
689 2822 849 2896 habuisset,
861 2833 977 2882 constat
991 2824 1171 2883 Cinnamum
1186 2843 1222 2883 eo
1231 2827 1350 2884 usurum
1365 2825 1453 2884 hiisse

301 2938 362 2996 quo
376 2920 519 2979 maiorem
535 2921 679 2979 honorem
694 2919 819 2980 domino
833 2939 887 2980 suo
901 2921 994 2979 daret.
1037 2924 1143 2997 Atque,
1159 2931 1191 2979 ut
1206 2940 1295 2997 supra
1316 2921 1453 2995 diximus,

300 3017 480 3076 Trimalchio
493 3018 565 3075 nihil
579 3017 619 3077 de
634 3019 811 3077 Maecenate
826 3017 908 3078 dicit.
951 3020 1066 3094 Itaque,
1080 3018 1136 3076 nisi
1149 3019 1284 3092 fallimur,
1299 3020 1390 3078 homo
1404 3019 1454 3077 ille

301 3115 537 3187 iactantissimus,
559 3133 738 3191 quamquam
763 3134 795 3173 re
820 3134 890 3174 vera
918 3117 1088 3174 Maecenati
1115 3134 1277 3191 numquam
1306 3117 1453 3189 servierat,

301 3222 402 3271 tamen
417 3213 635 3271 Maecenatiani
649 3231 817 3288 cognomen
831 3214 861 3272 in
876 3224 1071 3273 monumento
1086 3232 1140 3272 suo
1153 3213 1274 3272 inscribi
1286 3213 1380 3272 voluit
1393 3232 1453 3288 quo

301 3404 380 3463 docti;
408 3403 472 3468 patri
495 3403 562 3451 enim
585 3404 659 3452 amici
680 3404 788 3466 Augusti
806 3404 885 3452 Lucio
907 3419 1062 3468 praenomen
1081 3411 1145 3462 erat;
1168 3404 1195 3452 C.
1214 3405 1235 3453 I.
1254 3405 1345 3462 L.‚V1.
1365 3416 1453 3469 21771.

301 3486 388 3536 Scriba
407 3493 490 3534 autem
510 3486 602 3535 Sertori
623 3486 760 3535 Maecenas
783 3486 923 3550 appellatus
946 3493 995 3545 est;
1018 3486 1114 3535 Sallust.
1134 3501 1174 3550 ap.
1196 3486 1308 3535 Servium
1331 3488 1363 3535 ad
1386 3489 1452 3535 Aen.

301 3570 321 3619 I.
333 3568 389 3631 698.

341 3650 475 3701 ¹Herrnes
486 3651 523 3700 11.
539 3663 549 3700 ι
554 3651 597 3716 58;
618 3651 694 3700 XIII.
711 3663 768 3716 117;
792 3651 823 3701 cf.
843 3652 998 3716 Marquardt.
1023 3650 1195 3700 ‘Privatleben
1210 3652 1234 3700 d.
1250 3651 1340 3710 Rdm.,'
1355 3653 1395 3701 ed.
1412 3651 1454 3700 alt.

300 3735 321 3784 1.
334 3750 377 3799 pp.
389 3745 465 3793 21-2;
488 3733 632 3783 Willmann.
646 3734 690 3781 Ex.
704 3734 781 3782 Inscr.
794 3735 857 3793 Lat,
869 3734 904 3783 11.
915 3749 959 3799 pp.
968 3746 1058 3799 404-5.
1293 3737 1295 3741 ’

341 3816 434 3865 ²Nihil
444 3823 529 3865 tamen
546 3817 579 3865 ad
596 3833 649 3865 rem
666 3816 792 3880 pertinent
809 3832 873 3881 quae
891 3817 1064 3866 Mommsenus
1078 3817 1202 3881 (Hermes
1220 3816 1294 3865 XIII.
1308 3832 1332 3880 p.
1348 3815 1406 3880 118)
1422 3818 1454 3866 de

299 3906 375 3962 gente
388 3899 543 3948 Maecenatis
560 3899 631 3958 dicit;
653 3915 712 3948 nam
724 3914 875 3963 quamquam
893 3899 1000 3963 equestri
1017 3914 1110 3962 genere
1128 3905 1200 3947 natus
1219 3905 1264 3957 est,
1277 3905 1361 3947 tamen
1378 3898 1455 3948 servis

300 3997 363 4045 quos
373 3983 488 4044 Augusto
500 3988 526 4030 et
537 3981 624 4030 Liviae
636 3988 786 4031 testamento
800 3981 933 4046 reliquerat
951 3981 1137 4030 Maecenatiani
1155 3996 1296 4044 cognomen
1313 3981 1399 4029 datum
1416 3987 1455 4030 est

303 4063 344 4126 (C.
357 4063 378 4113 1.
388 4064 418 4112 L.
431 4064 476 4112 VI.
487 4063 565 4124 4016,
586 4076 664 4126 4032;
685 4061 775 4129 4095).
810 4063 855 4112 Est
866 4071 950 4112 autem
962 4063 1054 4122 titulus,
1063 4063 1198 4113 Minturnis
1209 4062 1325 4112 inventus
1339 4063 1380 4125 (C.
1394 4063 1414 4112 Ι.
1424 4063 1454 4114 1.

300 4146 333 4195 X.
348 4144 444 4210 6014)=
463 4145 590 4195 ‘Baebiae
608 4147 635 4195 P.
653 4145 671 4195 f.
688 4146 787 4195 Priscae
805 4147 832 4195 P.
850 4145 929 4194 Baebi
947 4145 1085 4210 Patrophili
1101 4145 1131 4195 T.
1147 4145 1276 4194 Numisius
1292 4145 1455 4195 Numisianus

301 4227 508 4278 Maecenatianus
518 4229 663 4293 ponendam
674 4228 809 4278 mandavit.
822 4228 852 4277 L.
865 4230 889 4277 d.
902 4229 926 4278 d.
939 4229 971 4277 d.’
1006 4228 1084 4277 Hunc
1096 4227 1239 4277 Numisium
1251 4227 1367 4276 libertum
1379 4226 1454 4278 luisse

300 4311 570 4360 cuiusdamTNumisi
582 4312 624 4376 qui
636 4327 694 4360 eum
705 4327 721 4361 a
731 4311 881 4360 Maecenate
893 4317 936 4359 aut
948 4311 1048 4360 emisset
1059 4317 1102 4360 aut
1113 4310 1258 4374 accepisset,
1266 4309 1324 4359 licet
1337 4309 1452 4360 conicias

340 4392 401 4443 ⁸Cs.
414 4395 467 4444 Iuv.
480 4394 530 4444 Sat.
544 4393 621 4453 1.66;
643 4393 705 4444 XII.
718 4405 761 4457 393
784 4393 842 4443 Sen.
855 4393 935 4457 Epist.
948 4392 1013 4442 Mor.
1029 4388 1083 4453 1'14,
1095 4391 1152 4455 4-8.
