3306 5102
519 1123 805 1198 QUAESTIONES
840 1122 1147 1183 PETRONIANAE.

813 1213 980 1281 aliusnon
1002 1185 1239 1282 lisoium-Mo

650 1315 774 1362 Scnrrsrr
793 1316 827 1363 Η.
846 1316 888 1362 W.
899 1316 1014 1384 gatar.

896 1395 930 1409 -Π

347 1490 561 1566 UAMQUAM
578 1489 635 1548 hac
649 1497 749 1547 nostra
763 1497 859 1547 aetate
874 1505 969 1564 paene
983 1488 1085 1548 omnia
1097 1487 1285 1564 antiquomm
1301 1486 1411 1562 scripta

263 1491 347 1694 Q
378 1607 396 1646 a
416 1587 512 1646 doctis
526 1585 594 1645 viris
614 1593 751 1644 accurate
772 1587 953 1661 copioseque
975 1595 1154 1661 pertractata
1167 1596 1243 1658 sunt,
1258 1595 1359 1644 tamen
1379 1584 1410 1642 in

258 1683 428 1745 Petronium
450 1683 538 1759 pauci
559 1681 722 1742 admodum
742 1681 841 1741 studia
860 1700 913 1741 sua
933 1683 1128 1742 contulemnt.
1171 1681 1261 1758 Quod
1283 1681 1410 1740 maxime

258 1783 364 1841 mimm
383 1781 517 1840 videtur:
547 1798 616 1838 nam
638 1779 766 1838 dubitari
788 1797 849 1839 non
868 1769 967 1855 potest
987 1779 1059 1855 quin
1080 1790 1194 1839 saturae
1216 1779 1411 1839 Petronianae

258 1879 398 1957 perutiles
427 1879 485 1937 sint
513 1876 552 1935 ad
579 1878 670 1936 vitam
694 1879 898 1936 Romanomm
919 1888 1000 1937 recte
1021 1877 1250 1955 intellegendam
1261 1897 1270 1950 ;
1292 1893 1351 1952 qua
1372 1875 1409 1934 de

258 1996 347 2036 causa
367 1976 436 2035 satis
457 1967 564 2051 dignae
579 1974 715 2035 videntur
733 1977 763 2035 in
784 1995 855 2052 quas
877 1975 988 2051 aliquid
1009 1993 1116 2052 operae
1138 1986 1169 2035 et
1189 1992 1276 2033 curae
1297 1973 1411 2048 impen-

258 2075 353 2134 datur.
397 2074 534 2133 Fortasse
562 2084 662 2133 autem
690 2084 786 2133 textus
807 2073 984 2134 foedissimis
1006 2072 1122 2132 mendis
1142 2074 1246 2150 plenus
1267 2070 1373 2130 doctos
1395 2087 1413 2127 a

258 2173 361 2233 saturis
372 2173 424 2232 diu
437 2171 581 2231 deterruit
589 2191 597 2244 ;
612 2181 643 2230 at
656 2190 737 2230 nunc
751 2171 923 2230 Franciscus
938 2171 1145 2244 Buechelems,
1156 2172 1199 2229 vir
1213 2167 1411 2240 doctissimus,

258 2282 341 2330 tanta
375 2289 443 2329 cum
480 2269 631 2346 diligentia
665 2269 835 2329 Petronium
870 2265 996 2327 curavit¹
1016 2278 1049 2326 ut
1077 2287 1113 2327 ea
1137 2266 1247 2326 menda
1271 2264 1414 2341 pleraque

259 2369 382 2428 feliciter
396 2369 453 2428 sint
468 2368 590 2427 sublata

300 2468 347 2525 De
366 2466 457 2542 ipsius
475 2465 594 2524 Petroni
615 2475 711 2524 aetate
732 2464 805 2522 nihil
825 2464 883 2522 hoc
904 2473 1039 2539 tempore
1061 2462 1250 2523 scribendum
1271 2483 1335 2525 esse
1356 2475 1414 2525 sta·

259 2564 367 2622 tuimus
382 2562 464 2639 quod
479 2563 517 2622 de
533 2563 589 2621 hac
603 2563 776 2638 quaestione
791 2562 916 2620 multum
935 2561 1046 2637 diuque
1068 2580 1086 2619 a
1105 2561 1174 2620 viris
1195 2560 1291 2622 doctis
1313 2562 1425 2639 dispas

260 2670 353 2718 tatum
368 2669 421 2718 est.
464 2661 544 2718 Nam
564 2670 597 2718 ut
617 2660 691 2720 alios
712 2661 857 2731 omittam,
875 2655 1031 2719 Studems'
1051 2669 1081 2717 et
1103 2657 1317 2720 Buechelerus³
1337 2660 1415 2719 hanc

260 2772 324 2813 rem
350 2764 412 2812 tam
441 2755 603 2813 luculenter
624 2767 745 2831 tamque
767 2757 889 2832 copiose
912 2766 1110 2816 tractaverunt
1129 2765 1163 2814 ut
1182 2757 1356 2831 perdifficile
1378 2758 1416 2816 sit

260 2852 329 2911 novi
342 2850 504 2927 quidquam
521 2862 551 2909 et
568 2853 672 2927 integri
687 2853 810 2911 adferre.
847 2854 919 2913 Sunt
933 2863 1033 2912 tamen
1047 2853 1124 2912 duae
1139 2853 1212 2912 aliae
1227 2855 1415 2930 quaestiones

261 2949 299 3008 de
324 2950 431 3026 quibus
457 2948 579 3007 sortasse
605 2966 713 3023 operae
742 2950 869 3024 pretium
894 2951 948 3009 erit
972 2951 1122 3025 disputare
1133 2971 1141 3024 ;
1170 2969 1295 3025 quarum
1322 2953 1415 3010 altera

260 3048 388 3124 pertinet
401 3046 441 3105 ad
457 3057 593 3120 tempora
607 3046 713 3120 quibus
728 3046 890 3121 Encolpius
905 3057 935 3105 et
949 3047 1078 3122 reliquae
1094 3057 1255 3106 saturarum
1270 3067 1415 3124 personae

259 3146 365 3204 vixisse
387 3144 545 3220 finguntur,
567 3143 657 3201 altera
680 3143 719 3201 ad
742 3144 846 3202 urbem
868 3144 898 3202 in
922 3162 982 3219 qua
1002 3145 1169 3203 convivium
1189 3145 1415 3204 Trimalchionis

260 3242 362 3316 agitur.
405 3243 471 3300 Has
486 3240 565 3299 enim
581 3259 681 3314 nemo,
695 3241 751 3300 nisi
765 3240 899 3314 fallimur,
914 3241 983 3300 satis
997 3241 1153 3318 diligenter
1166 3243 1310 3302 tractavit.

301 3338 386 3414 Quae
411 3357 479 3397 cum
503 3339 545 3397 ita
569 3339 634 3410 sint,
658 3339 785 3414 primum
808 3339 1011 3413 quaerendum
1036 3349 1080 3397 est
1104 3338 1211 3414 quibus
1233 3340 1415 3415 temporibus

261 3437 421 3512 Encolpius
436 3437 540 3495 itinera
555 3455 607 3495 sua
622 3436 733 3494 iecerit.
776 3436 844 3510 Qua
860 3437 898 3495 de
917 3456 949 3495 re
968 3436 1021 3494 viri
1040 3434 1122 3494 docti
1142 3437 1265 3494 multum
1287 3437 1362 3495 inter
1383 3455 1415 3496 se

260 3534 469 3593 dissensenrnt.
521 3535 599 3592 Nam
627 3544 660 3592 ut
687 3534 761 3593 alios
794 3544 987 3609 praeteream,
1016 3530 1217 3592 Burmannus⁴
1243 3552 1289 3592 res
1317 3543 1414 3609 gestas

260 3631 387 3707 Encolpi
400 3631 570 3691 Claudianis
582 3631 764 3706 temporibus
775 3629 924 3701 adtribuit,
936 3630 1076 3690 Studems
1088 3630 1274 3689 Neronianis.
1317 3630 1411 3690 Beck-

301 3824 311 3858 ¹
323 3825 433 3874 Petronii
445 3824 540 3874 Satirae
553 3830 578 3873 et
590 3824 666 3873 Liber
678 3824 847 3889 Priapeorum.
879 3824 992 3873 Tertium
1006 3822 1085 3874 edidit
1102 3823 1249 3872 Franciscus
1267 3823 1414 3875 Buecheler.

259 3906 370 3955 Berolini
382 3907 449 3971 apud
462 3906 651 3956 Weidmannos.
685 3907 939 3956 MDCCCLXXXII.

302 3986 391 4037 ‘Mus
406 3989 488 4038 Rhen.
500 4003 557 4036 nov.
570 3988 607 4037 11.
621 3987 747 4053 (1842-3)
761 4004 803 4053 pp.
816 4000 896 4054 50-92
904 4005 912 4048 ;
935 4001 1040 4052 202-23.

299 4068 311 4102 ⁸
323 4071 403 4120 Praei.
416 4072 448 4121 ad
461 4072 500 4120 ed.
513 4071 599 4120 maior.
611 4087 653 4136 pp.
666 4071 781 4121 v-vnl.

299 4151 482 4203 ⁴Intellexerat
501 4161 585 4203 umen
605 4155 762 4204 Burmannus
780 4154 900 4203 nonnulla
920 4154 946 4203 in
968 4154 1057 4204 saturis
1079 4156 1111 4204 ad
1134 4155 1290 4219 imperatoris
1306 4153 1413 4217 Augusti

258 4242 372 4300 tempora
390 4236 523 4302 pertinere.
559 4237 632 4286 Haec
653 4237 720 4286 enim
737 4237 763 4286 in
780 4237 936 4301 praefatione
954 4237 1066 4300 scripsit:
1086 4237 1151 4285 ‘His
1168 4237 1284 4286 omnibus
1301 4252 1349 4300 ego
1366 4235 1413 4286 rite

258 4317 395 4382 pensitatis,
412 4318 514 4376 Tiberii,
526 4319 654 4382 Caligulae
672 4326 697 4368 et
717 4319 815 4368 Claudii
832 4318 937 4384 imperia
960 4320 1070 4382 attigisse
1088 4319 1232 4368 Petronium
1254 4325 1323 4383 puto,
1335 4318 1414 4367 immo

258 4401 367 4464 Augusti
378 4399 460 4447 adhuc
464 4400 558 4465 felicia
570 4408 681 4464 tempora
693 4401 799 4450 vidisse!
