3306 5102
631 603 844 682 Quaestiums
864 603 1091 668 Petrom'anae.
1406 623 1442 668 rr

288 791 476 856 ‘rosolut'rrot‘r
489 789 534 848 nul
548 789 665 848 ἱκετείαν
677 787 847 863 ποιονμὰνου,
863 791 914 848 κᾶν
934 788 1022 866 τούτῳ,
1043 787 1178 866 ποτήριόν
1197 809 1225 848 τι
1245 789 1347 849 datvm
1363 810 1444 848 xum·

288 887 431 965 βαλόντος
460 909 492 946 τε
518 883 678 962 &enimdeo
701 883 747 944 καὶ
771 883 896 945 oraro&
918 909 980 948 trus
999 882 1021 962 ἢ
1046 885 1199 962 ωντριβὶν
1221 887 1282 948 ruis
1306 907 1338 944 τε
1360 886 1449 964 χερσὶ

288 983 484 1062 διατρίψαντος
504 983 549 1042 καὶ
568 981 727 1060 ἄθραυστον
744 983 915 1060 παραχρῆμα
933 981 1136 1058 duumvirum,
1153 979 1189 1044 uls
1208 981 1258 1040 mi
1274 982 1447 1061 ωνγγνῶμης

288 1081 339 1141 διὸ
354 1085 438 1146 τοῦτο
457 1078 626 1156 νωξομόνον,
649 1079 694 1138 καὶ
719 1077 875 1139 ἀπέκτανεν
896 1077 991 1138 αὐτόν.
1036 1077 1127 1154 Quod
1148 1079 1175 1138 sl
1193 1079 1264 1154 quis·
1280 1079 1376 1138 credit
1398 1080 1452 1138 vix

289 1179 417 1238 idoneus
428 1188 472 1237 est
483 1177 534 1255 qui
547 1177 698 1236 historiam
713 1176 830 1235 scribat.
866 1175 1064 1234 Buechelerus
1078 1186 1253 1234 tamensem
1265 1177 1307 1235 sic
1319 1177 1445 1252 probare

289 1286 420 1336 conatus·
430 1285 492 1334 est:
515 1275 614 1333 ‘Nam
628 1275 680 1349 qui
693 1274 724 1333 in
737 1273 839 1349 capite·
850 1290 885 1351 51
903 1272 1011 1332 dicitur
1027 1275 1146 1346 Caesar,
1161 1274 1193 1333 id
1215 1284 1260 1333 est
1274 1275 1451 1350 imperator,
1478 1283 1482 1292 ⁴

288 1374 427 1432 Tiberius
445 1375 593 1449 Augustus
614 1381 660 1430 est
679 1371 730 1446 qui
750 1389 830 1430 anuo
850 1381 919 1446 post
933 1371 1082 1431 Christum
1099 1391 1134 1429 aa
1151 1371 1266 1430 fabrum
1282 1372 1364 1430 illum
1379 1372 1450 1431 vitri

289 1471 408 1530 ductilis
422 1465 607 1528 interfecit.·'¹
648 1468 742 1545 Quasi
753 1487 825 1528 vero
837 1467 912 1526 haec
926 1469 1033 1541 fabula,
1044 1487 1134 1544 quam
1150 1469 1304 1528 Petronius
1320 1470 1446 1528 Trimal-

289 1568 400 1640 chioni,
415 1567 529 1627 homini
543 1567 665 1626 credulo
678 1576 709 1625 et
723 1565 856 1638 indocto,
870 1566 1047 1626 narrandam
1061 1566 1202 1625 adtribuit
1218 1584 1366 1642 quamque
1382 1567 1449 1643 ipse

291 1667 400 1725 Plinius
412 1665 635 1724 incertissimam
647 1681 710 1724 esse
725 1665 849 1737 censuit,
860 1682 915 1740 pro
926 1682 995 1723 vera
1005 1674 1035 1722 et
1046 1674 1127 1723 certa
1137 1663 1259 1722 historia
1271 1663 1452 1740 accipienda

288 1763 335 1821 sit.
381 1762 502 1821 Tacitus
529 1761 619 1834 enim,
646 1761 832 1837 gravissimus
853 1771 965 1834 auctor,
993 1761 1065 1819 nihil
1086 1762 1144 1820 tale
1165 1760 1307 1835 tradidit,
1338 1761 1452 1820 Plinius

289 1871 402 1932 autem,
416 1860 467 1935 qui
480 1859 544 1934 ipse
558 1859 671 1919 A.U.C.
690 1862 745 1936 776
760 1869 845 1917 uatus
859 1869 905 1917 est
918 1859 1025 1934 cuique
1040 1859 1171 1934 optimae
1193 1858 1347 1918 facultates
1364 1870 1448 1918 erant

289 1956 331 2015 ad
344 1973 450 2016 verum
461 1954 713 2032 cognoscendum,
728 1955 767 2014 de
782 1956 879 2016 sabula
892 1955 941 2013 illa
955 1956 1070 2030 scripsit
1085 1959 1199 2031 ‘eaque
1214 1955 1294 2014 lama
1318 1956 1449 2016 crebrior

290 2055 343 2114 diu
367 2072 462 2130 quam·
482 2053 590 2112 certior
614 2053 687 2112 suit!
741 2053 869 2113 Accedit
896 2051 978 2127 quod
1006 2053 1159 2112 Petronius
1188 2064 1218 2112 et
1247 2053 1357 2112 Plinius
1384 2072 1447 2112 rem

290 2152 465 2228 simpliciter
477 2161 614 2226 narrant;
636 2149 690 2208 sed
705 2137 764 2208 Dio
779 2150 907 2209 fabulam
923 2150 1150 2226 examplificavit
1164 2162 1195 2210 et
1213 2151 1364 2210 exornavit
1387 2169 1448 2226 quo

290 2260 323 2308 et
343 2249 447 2308 artifex
466 2248 589 2325 peritior
608 2257 640 2306 et
658 2247 794 2308 Tiberius
814 2247 963 2306 crudelior
983 2248 1161 2307 viderentur.
1204 2249 1283 2307 Nam
1300 2249 1451 2308 eiusmodi·

290 2347 407 2406 fabulae
422 2346 606 2405 ‘mobilitate
619 2345 720 2422 vigent
733 2345 869 2420 viresque
883 2345 1042 2420 adquimnt
1061 2345 1179 2418 eundo,.'
1195 2355 1226 2404 et
1247 2347 1307 2404 Dio
1330 2346 1449 2405 circiter

289 2454 412 2503 eentum
433 2443 516 2502 annis
537 2452 606 2518 post
627 2442 752 2501 Plinium
773 2443 853 2502 vixit.
894 2445 1001 2517 Atque,
1023 2442 1048 2502 si
1071 2442 1118 2502 dis
1133 2443 1241 2518 placet,
1264 2461 1330 2502 eam
1354 2443 1448 2518 ipsam

291 2542 422 2600 fabulam
437 2540 476 2600 de
490 2541 669 2616 imperatore
685 2539 817 2616 quodam
831 2541 979 2612 Austriae„
990 2558 1080 2616 quam
1100 2550 1218 2613 vocant,
1235 2540 1320 2599 huius
1344 2541 1451 2599 aetatis

292 2638 429 2696 homines
448 2655 566 2696 narrare
587 2638 692 2710 solent,
713 2637 796 2713 quod
817 2653 865 2696 me
890 2637 988 2714 legere
1013 2635 1157 2697 memini.²
1209 2638 1294 2713 Quae
1316 2656 1386 2695 cum
1409 2638 1452 2696 ita

291 2735 361 2807 sint,
386 2734 476 2810 ipsius
500 2735 675 2793 Buecheleri
698 2734 795 2794 verbis
816 2735 886 2793 licet
907 2745 1041 2793 utamur:
1071 2735 1186 2794 ‘Licuit
1207 2735 1238 2794 in
1259 2735 1317 2793 hoc
1340 2753 1450 2811 genere

291 2831 465 2903 fabularum,
480 2829 562 2906 quod
577 2850 726 2891 amorosa
741 2832 900 2890 subtilitate
915 2832 1043 2890 alienum
1057 2832 1215 2908 ingenuam
1239 2833 1370 2907 sequitur
1393 2832 1449 2891 les

280 2929 452 3000 ¹tivitntem,
462 2938 492 2987 et
506 2929 672 3004 antiquiora
686 2939 716 2987 et
729 2930 893 3005 posteriora
913 2930 1114 3006 neglegentius
1135 2930 1319 2989 admiscere!
1363 2929 1453 3005 Quae·

291 3027 342 3085 ille
366 3024 498 3084 devino
526 3025 688 3101 Opimiano
716 3026 944 3085 Trimalchionis
971 3028 1106 3102 scripsit;
1134 3036 1165 3085 at
1190 3045 1264 3102 pace
1293 3027 1367 3085 tanti
1396 3027 1453 3085 viri¹

291 3123 429 3196 dixerim,
444 3123 537 3182 multo
552 3123 645 3198 magis
659 3123 690 3182 in
703 3123 783 3182 hunc
796 3125 896 3183 locum
911 3121 1111 3183 conveniunt.³

333 3221 467 3279 Altemm
488 3231 692 3296 argumentum
714 3221 797 3297 quod
818 3222 1016 3281 Buechelerus
1038 3222 1149 3297 profert
1170 3221 1264 3281 multo
1288 3222 1449 3298 speciosius

292 3330 348 3379 est.
389 3318 570 3378 Trimalchio
586 3319 665 3378 cuim
680 3319 755 3378 haec
767 3320 858 3380 verba
872 3319 945 3379 dicit
970 3321 1013 3398 (c.
1032 3317 1084 3396 71)
1100 3341 1106 3378 :
1130 3319 1307 3395 ‘Inscriptio
1330 3337 1450 3395 quoque

291 3416 362 3476 vide
377 3415 533 3493 diligenter
552 3416 576 3476 si
597 3416 672 3476 haec
693 3417 763 3477 satis
784 3417 893 3477 idonea
913 3418 967 3476 tibi
987 3417 1121 3475 videtur:
1145 3417 1180 3476 C.
1204 3416 1363 3492 Pompeius
1386 3417 1452 3475 Tri·

294 3515 422 3574 malchio
433 3515 677 3574 Maecenatianus
691 3515 739 3574 hic
754 3517 930 3592 requiescit!
966 3515 1035 3590 Quo
1049 3513 1089 3574 de
1103 3515 1171 3573 loco
1186 3515 1303 3589 scripsit
1319 3515 1451 3573 Bueche-

292 3613 388 3671 lems:
412 3611 550 3671 ‘Deinde
572 3613 815 3672 Maecenatianus
839 3615 998 3672 Trimalcio
1024 3624 1164 3673 vocatur:
1188 3613 1281 3672 fuerat
1309 3613 1396 3689 igitur
1420 3623 1453 3670 ut

292 3709 429 3784 parvolus
443 3725 518 3784 puer
532 3728 570 3768 ex
584 3710 654 3768 Asia
667 3711 748 3770 venit
763 3713 901 3784 Romam,
916 3712 947 3770 iu
962 3730 1051 3770 manu
1067 3711 1250 3770 Maecenatis
1272 3729 1351 3769 anno
1372 3711 1453 3769 urbis

298 3807 353 3880 746
368 3806 485 3878 mortui,
500 3817 570 3866 ante
589 3825 679 3882 quam
698 3809 729 3867 in
751 3808 889 3867 familiam
909 3809 966 3870 Gai
987 3809 1121 3884 Pompei,
1143 3809 1271 3867 hominis
1295 3807 1450 3883 Campani,

335 3993 437 4048 ¹Praef.
451 3999 490 4048 ed.
502 3999 589 4049 maior.
601 4015 626 4064 p.
638 3999 697 4049 Vll.
737 4055 739 4060 ,

335 4077 455 4129 ‘Eadem
477 4081 562 4130 sabula
579 4083 612 4131 de
629 4081 703 4130 Gallo
721 4082 852 4132 Richelieu
869 4090 993 4144 narratum
1014 4083 1046 4134 cl.
1058 4082 1294 4147 Wallace·Dunlop.
1321 4081 1410 4132 ‘Glasr
1426 4082 1453 4130 iu

293 4160 338 4210 the
350 4160 400 4212 Old
412 4162 516 4222 World‚’
529 4179 553 4228 p.
567 4174 622 4225 2'42.

335 4242 396 4294 ⁸cf.
409 4247 560 4296 Mommsen.
574 4249 683 4297 Hermes
701 4247 777 4297 XlIl.
789 4263 814 4312 p.
829 4261 889 4298 112:
909 4249 1008 4308 ‘Deun,
1019 4250 1097 4299 selbst
1112 4251 1154 4300 die
1171 4251 1318 4301 historische
1339 4249 1455 4312 Rtohng·

293 4326 349 4376 keit
371 4325 416 4377 des
432 4330 515 4392 wenig
531 4329 671 4394 plausiblen
688 4330 904 4382 Geschichtchens
921 4333 1074 4396 zugegeben‚
1091 4334 1187 4383 konnte
1208 4335 1253 4384 der
1271 4335 1376 4384 Dichter
1395 4333 1453 4383 sehr

293 4409 362 4458 wohl
375 4410 567 4474 chronologisch
580 4412 606 4460 iu
618 4412 719 4461 freierer
730 4412 814 4461 Weise
826 4414 872 4462 mit
883 4414 934 4462 ihm
947 4413 1076 4463 schalten.’
