3306 5102
216 578 259 642 24
661 561 706 625 H.
743 562 786 626 W.
812 563 929 645 Haley.

217 744 378 822 tinguenda
405 755 496 804 noctu
516 762 575 805 eas
605 744 797 806 custodirent,
853 747 999 824 Denique⁴
1020 750 1154 809 ‘Graeca
1187 747 1296 825 urbs,’¹
1323 752 1372 810 cui

216 842 328 902 nomini
344 842 427 901 multi
440 843 487 900 vel
500 843 624 902 nimium
638 843 820 903 auctoritatis
837 845 1010 918 tribuerunt,
1025 847 1063 906 ab
1078 847 1226 923 Encolpio
1240 849 1370 924 appella-

215 951 271 1001 tur.
316 941 403 999 Haec
417 941 517 1000 omnia
530 950 635 1016 utpote
649 940 679 1000 in
693 941 848 1017 propatulo
866 942 963 1018 posita
983 943 1063 1019 apud
1085 945 1192 1004 multos
1213 945 1371 1022 plurimum

215 1039 378 1098 valuerunt.
620 1107 622 1112 ,
1085 1117 1086 1120 ¹

255 1135 314 1196 Sed
330 1145 360 1195 et
373 1135 430 1194 alia
444 1124 520 1208 sunt,
531 1135 628 1194 minus
643 1145 745 1211 aperta
759 1135 890 1211 quidem,
905 1156 1002 1213 neque
1017 1147 1118 1198 tamen
1133 1157 1170 1198 eo
1184 1139 1370 1216 negligenda.

215 1234 350 1308 Quorum
364 1233 411 1292 vel
432 1233 623 1308 praecipuum
645 1243 690 1292 est
711 1232 792 1308 quod
814 1233 954 1310 pleraque
968 1235 999 1293 in
1013 1235 1131 1295 colonia
1144 1237 1371 1307 Trimalchionis

215 1333 353 1390 Romana
374 1327 477 1390 erant.²
517 1331 646 1406 Populus
671 1331 751 1389 enim
775 1332 910 1396 coloniae
935 1333 1039 1392 Latine
1065 1334 1241 1408 loquebatur
1250 1355 1264 1408 ς
1288 1335 1370 1394 cuius

215 1428 258 1487 rei
279 1428 424 1504 permulta
445 1437 513 1487 sunt
533 1438 715 1504 argumenta.
758 1429 837 1487 Nam
854 1429 950 1488 liberti
968 1440 998 1489 et
1018 1431 1137 1489 infimae
1158 1431 1253 1506 plebis
1274 1431 1369 1490 homi·

214 1544 267 1585 nes
282 1526 387 1585 Latine
400 1525 482 1601 loqui
498 1526 653 1599 solebant3
675 1525 756 1601 quod
776 1544 816 1590 ex¹
832 1528 1016 1587 sermonibus
1037 1528 1225 1587 convivarum
1245 1528 1369 1588 Trimal·

214 1623 329 1682 chionis
350 1623 419 1682 satis
441 1621 573 1699 adparet.
616 1622 772 1682 Plocamus
786 1624 871 1696 enim
891 1643 922 1682 se
942 1626 1091 1684 Graecum
1108 1644 1229 1684 carmen
1250 1635 1370 1685 cantare

215 1720 360 1780 simulavit
370 1718 398 1794 3³
418 1719 499 1795 quod
518 1720 733 1796 ineptissimum
748 1721 880 1780 omnium
895 1721 996 1781 fuisset
1014 1722 1039 1782 si
1058 1723 1191 1798 plerique
1208 1723 1239 1781 in
1253 1724 1370 1782 colonia

214 1820 329 1878 Graece
344 1818 425 1893 loqui
439 1818 517 1877 soliti
531 1827 638 1877 essent.
680 1818 841 1894 Encolpius
855 1829 955 1878 autem
969 1821 1156 1879 Homeristas
1170 1818 1263 1880 dicit⁴
1276 1822 1368 1880 Grae·

214 1917 256 1975 cis
270 1916 400 1976 versibus
414 1916 588 1975 conlocutos
603 1934 667 1974 esse
682 1920 734 1975 ‘ut
753 1916 911 1975 insolenter
931 1918 1063 1991 solent’3
1085 1917 1167 1993 quod
1187 1918 1260 1977 dum
1281 1919 1369 1977 sacie-

214 2014 286 2074 bant
299 2014 481 2073 Trimalchio
499 2014 602 2072 Latine
620 2012 737 2089 legebat
757 2014 874 2073 librum.
915 2017 955 2073 At
973 2015 1047 2074 haec
1061 2017 1152 2074 verba
1165 2017 1252 2092 plane
1267 2017 1370 2092 inepta

213 2111 336 2170 fuissent
363 2111 387 2169 si
414 2110 550 2170 homines
574 2111 708 2170 coloniae
733 2112 849 2170 Graece
877 2112 968 2170 locuti
993 2123 1099 2172 essent.
1142 2115 1245 2173 Servus
1269 2123 1368 2172 autem

214 2208 393 2275 Habinnatis
407 2208 541 2267 Aeneida
558 2208 690 2267 recitavit
707 2218 737 2267 et
750 2208 929 2282 Atellanicos
942 2228 1041 2268 versus
1055 2208 1270 2270 intermiscuit!
1310 2212 1367 2269 Ac·

213 2305 294 2365 cedit
305 2305 387 2381 quod
398 2305 461 2382 ipse
471 2305 652 2365 Trimalchio
667 2307 729 2382 Syri
743 2325 843 2365 versus
857 2307 990 2366 recitavit
1003 2326 1130 2382 eumque
1142 2326 1210 2366 cum
1221 2309 1367 2368 Cicerone

213 2399 364 2464 contulit.⁸
404 2404 444 2462 Et
462 2403 617 2462 scissorem
632 2422 717 2462 suum
731 2405 863 2480 Carpum
883 2405 1087 2464 nominaverat
1097 2426 1105 2478 ;
1125 2406 1224 2481 itaque
1238 2405 1367 2481 quoties-

213 2519 341 2576 cumque
356 2500 431 2560 dixit
452 2501 576 2576 ‘Carpe‚
592 2501 708 2577 Carpe}
724 2501 833 2560 eodem
847 2503 937 2562 verbo
960 2512 990 2561 et
1005 2503 1122 2561 vocavit
1143 2513 1173 2562 et
1193 2500 1368 2578 imperavit!

213 2597 385 2660 Comoedos
399 2608 498 2656 autem
520 2608 640 2671 emerat,
656 2597 711 2656 sed
730 2598 833 2668 maluit
853 2599 917 2668 illos
931 2600 1107 2659 Atellaniam
1127 2600 1224 2659 facere
1245 2610 1276 2659 et
1296 2600 1367 2659 cho·

212 2696 314 2756 raulen
328 2714 413 2755 suum
427 2696 509 2768 iussit
524 2697 628 2755 Latine
642 2693 782 2756 cantare.⁸
812 2697 967 2756 Praeterea
980 2697 1071 2756 homo
1090 2697 1212 2773 quidam
1231 2699 1367 2757 coloniae

212 2793 271 2853 hoc
293 2793 378 2852 titulo
398 2811 518 2851 causam
538 2793 726 2868 proscripsit:
750 2795 803 2854 ‘C.
826 2795 984 2870 Pompeius
1005 2795 1155 2871 Diogenes
1177 2814 1214 2853 ex
1234 2794 1368 2854 kalendis

213 2891 294 2950 Iuliis
313 2890 488 2950 cenaculum
505 2890 584 2949 locat
593 2911 602 2964 3
624 2891 687 2966 ipse
702 2891 781 2949 enim
802 2890 926 2950 domum
941 2889 1051 2951 emit.'⁹
1091 2891 1209 2951 Deinde
1231 2892 1262 2951 in
1280 2902 1367 2968 poste

212 2988 317 3048 ianuae
334 2988 441 3047 domus
457 2987 684 3047 Trimalchionis
701 2989 815 3048 libellus
830 2998 893 3047 erat
910 3007 979 3047 cum
998 2988 1054 3048 hac
1068 2990 1259 3064 inscriptione
1273 2990 1368 3048 fixus:

213 3085 371 3161 ‘Quisquis
395 3103 494 3144 servus
517 3085 580 3144 sine
604 3084 757 3144 dominico
781 3086 858 3144 iussu
882 3086 958 3155 foras
981 3086 1092 3158 exierit,
1116 3086 1243 3161 accipiet
1267 3087 1369 3162 plagas

212 3184 352 3242 centum!
362 3179 383 3215 ¹⁰
422 3181 549 3241 Accedit
569 3182 651 3258 quod
673 3183 704 3240 in
725 3182 851 3242 fascibus
872 3183 1041 3243 seviralibus
1060 3184 1287 3243 Trimalchionis
1308 3184 1367 3243 hoc

213 3290 275 3340 erat
289 3280 449 3356 scriptum:
465 3280 518 3339 ⁴C.
535 3280 678 3356 Pompeio
692 3280 912 3353 Trimalchioni,
924 3280 1018 3340 seviro
1032 3281 1193 3357 Augustali,
1204 3281 1367 3342 Cinnamus

212 3377 398 3454 dispensator
408 3398 417 3451 ;
428 3379 435 3406 '
445 3374 465 3410 ¹¹
479 3387 510 3437 et
524 3386 658 3436 sescenta
677 3377 733 3436 aha
751 3376 921 3437 huiusmodi
942 3388 1017 3451 sunt,
1033 3396 1109 3453 quae
1129 3378 1178 3436 hic
1192 3396 1365 3438 enumerare

211 3476 338 3536 taedeat
383 3477 538 3533 Praeterea
550 3474 631 3534 cives
651 3474 786 3534 coloniae
807 3493 890 3534 sacra
910 3474 1042 3549 festaque
1063 3476 1182 3551 publica
1203 3485 1234 3535 et
1254 3477 1367 3551 privata

250 3714 261 3749 ¹
273 3715 301 3766 C.
314 3714 354 3776 81,
366 3731 391 3780 p.
404 3726 444 3781 55,
455 3715 471 3765 l.
487 3727 524 3764 12.

251 3795 263 3830 ²
275 3798 351 3848 Hanc
363 3813 415 3847 rem
427 3797 521 3862 optime
534 3797 648 3847 tractavit
660 3797 804 3857 Iannellius,
816 3798 879 3849 Cod.
892 3799 984 3849 Perott.
996 3814 1039 3864 pp.
1052 3797 1247 3850 CXCIV-CCV.

251 3877 480 3946 ⁸C.64‚p.42,ll.
495 3879 568 3946 37-8·
631 3879 947 3947 ‘Cannarum-⁷·
1008 3879 1059 3932 ⁶0·
1072 3880 1111 3941 ⁶8.
1123 3897 1149 3947 n·
1160 3893 1201 3947 45,
1213 3881 1239 3932 1¹·
1251 3881 1283 3946 3⁶
1295 3897 1365 3948 sem·

250 3961 302 4014 Ὀ.
314 3974 354 4030 55,
366 3979 391 4029 p.
404 3962 444 4027 36,
456 3962 481 4014 ll.
496 3975 526 4026 19
537 3977 607 4028 seqq.
869 3962 919 4015 ⁷C.
932 3963 971 4028 36,
983 3964 1099 4029 p.24,ll.
1111 3976 1201 4028 23-31·

250 4044 301 4097 ⁸0.
313 4059 353 4113 53,
371 4062 396 4111 p.
414 4057 454 4113 35,
469 4045 493 4096 ll.
510 4057 583 4111 27-9.
616 4047 698 4095 Acute
716 4045 777 4096 dixit
793 4046 931 4096 Iannellius
942 4046 1052 4096 Graecos
1069 4046 1095 4096 in
1112 4046 1212 4096 colonia
1228 4046 1365 4096 Graeculos

209 4129 373 4196 contemptim
386 4128 526 4194 appellatos
538 4143 604 4189 esse;
626 4127 658 4178 cf.
670 4143 707 4177 cc.
720 4127 759 4192 38,
771 4128 811 4191 46,
824 4127 863 4193 76,
876 4135 901 4178 et
912 4129 975 4180 Cod.
988 4130 1080 4178 Perott.
1092 4145 1116 4194 p.
1128 4129 1240 4178 CXCVI.

249 4209 301 4263 ⁹C.
314 4211 354 4277 38,
366 4228 391 4278 p.
404 4223 444 4277 25,
456 4211 479 4261 ll.
493 4210 570 4272 26-8;
592 4209 622 4260 cs.
635 4210 662 4260 C.
676 4210 697 4260 1.
710 4210 738 4259 L.
754 4210 799 4260 1v.
810 4225 853 4260 nn.
868 4209 926 4275 ¹383
947 4209 1007 4276 8073
1027 4211 1096 4275 1136.

250 4292 592 4360 wCmehwm

251 4374 273 4411 ¹¹
284 4376 313 4428 C.
326 4387 365 4442 30,
377 4391 403 4444 p.
415 4375 493 4437 21„ll.
506 4374 567 4444 5-83
588 4374 619 4424 cf.
632 4374 657 4424 11.
672 4387 759 4438 ro-13.
