<?xml version="1.0" encoding="UTF-8"?>
<!DOCTYPE html PUBLIC "-//W3C//DTD XHTML 1.0 Transitional//EN"
    "http://www.w3.org/TR/xhtml1/DTD/xhtml1-transitional.dtd">
<html xmlns="http://www.w3.org/1999/xhtml" xml:lang="en" lang="en">
 <head>
  <title>
</title>
<meta http-equiv="Content-Type" content="text/html;charset=utf-8" />
  <meta name='ocr-system' content='tesseract 3.04.00' />
  <meta name='ocr-capabilities' content='ocr_page ocr_carea ocr_par ocr_line ocrx_word'/>
</head>
<body>
  <div class='ocr_page' id='page_1' title='image "./quaestionespetr00haylgoog_0028.png"; bbox 0 0 3306 5102; ppageno 0'>
   <div class='ocr_carea' id='block_1_1' title="bbox 601 608 1419 702">
    <p class='ocr_par' dir='ltr' id='par_1_1' title="bbox 601 608 1419 702">
     <span class='ocr_line' id='line_1_1' title="bbox 601 608 1419 702; baseline -0.001 -20"><span class='ocrx_word' id='word_1_1' title='bbox 601 608 813 698; x_wconf 66' lang='lat' dir='ltr'>Quaettt‘mlts</span> <span class='ocrx_word' id='word_1_2' title='bbox 834 612 1062 680; x_wconf 66' lang='lat' dir='ltr'>Petraaanae.</span> <span class='ocrx_word' id='word_1_3' title='bbox 1379 623 1419 702; x_wconf 85' lang='lat'>1&#39;9</span> 
     </span>
    </p>
   </div>
   <div class='ocr_carea' id='block_1_2' title="bbox 253 797 1423 2917">
    <p class='ocr_par' dir='ltr' id='par_1_2' title="bbox 253 797 1423 2140">
     <span class='ocr_line' id='line_1_2' title="bbox 253 797 1418 878; baseline -0.003 -13"><span class='ocrx_word' id='word_1_4' title='bbox 253 813 291 865; x_wconf 67' lang='lat' dir='ltr'>et</span> <span class='ocrx_word' id='word_1_5' title='bbox 313 803 448 864; x_wconf 81' lang='lat' dir='ltr'>Petraitis</span> <span class='ocrx_word' id='word_1_6' title='bbox 469 807 573 862; x_wconf 68' lang='lat' dir='ltr'>ornnes</span> <span class='ocrx_word' id='word_1_7' title='bbox 594 802 726 878; x_wconf 61' lang='lat' dir='ltr'>pugnas!</span> <span class='ocrx_word' id='word_1_8' title='bbox 769 798 911 860; x_wconf 83' lang='lat' dir='ltr'>Studerus</span> <span class='ocrx_word' id='word_1_9' title='bbox 932 803 1032 858; x_wconf 76' lang='lat' dir='ltr'>autent</span> <span class='ocrx_word' id='word_1_10' title='bbox 1053 799 1183 858; x_wconf 68' lang='lat' dir='ltr'>coniecit</span> <span class='ocrx_word' id='word_1_11' title='bbox 1204 797 1418 862; x_wconf 78' lang='lat' dir='ltr'>Hermerotem</span> 
     </span>
     <span class='ocr_line' id='line_1_3' title="bbox 259 893 1419 976; baseline -0.002 -14"><span class='ocrx_word' id='word_1_12' title='bbox 259 902 391 962; x_wconf 91' lang='lat' dir='ltr'>eundem</span> <span class='ocrx_word' id='word_1_13' title='bbox 411 919 477 960; x_wconf 88' lang='lat' dir='ltr'>esse</span> <span class='ocrx_word' id='word_1_14' title='bbox 490 901 541 976; x_wconf 91' lang='lat' dir='ltr'>qui</span> <span class='ocrx_word' id='word_1_15' title='bbox 554 899 586 958; x_wconf 85' lang='lat' dir='ltr'>iu</span> <span class='ocrx_word' id='word_1_16' title='bbox 600 899 685 958; x_wconf 85' lang='lat' dir='ltr'>titulo</span> <span class='ocrx_word' id='word_1_17' title='bbox 706 898 839 974; x_wconf 87' lang='lat' dir='ltr'>quodam</span> <span class='ocrx_word' id='word_1_18' title='bbox 860 895 1042 956; x_wconf 77' lang='lat' dir='ltr'>Claudianae</span> <span class='ocrx_word' id='word_1_19' title='bbox 1063 893 1187 956; x_wconf 85' lang='lat' dir='ltr'>aelatis¹</span> <span class='ocrx_word' id='word_1_20' title='bbox 1201 912 1419 960; x_wconf 78' lang='lat' dir='ltr'>commemora·</span> 
     </span>
     <span class='ocr_line' id='line_1_4' title="bbox 260 983 1420 1066; baseline -0.003 -12"><span class='ocrx_word' id='word_1_21' title='bbox 260 1005 316 1054; x_wconf 88' lang='lat' dir='ltr'>tur.</span> <span class='ocrx_word' id='word_1_22' title='bbox 358 991 417 1052; x_wconf 87' lang='lat' dir='ltr'>Sed</span> <span class='ocrx_word' id='word_1_23' title='bbox 431 991 504 1050; x_wconf 90' lang='lat' dir='ltr'>alter</span> <span class='ocrx_word' id='word_1_24' title='bbox 518 992 691 1063; x_wconf 89' lang='lat' dir='ltr'>Hermeros,</span> <span class='ocrx_word' id='word_1_25' title='bbox 706 987 789 1048; x_wconf 89' lang='lat' dir='ltr'>cuius</span> <span class='ocrx_word' id='word_1_26' title='bbox 803 1003 916 1064; x_wconf 83' lang='lat' dir='ltr'>pugnas</span> <span class='ocrx_word' id='word_1_27' title='bbox 929 983 1111 1046; x_wconf 85' lang='lat' dir='ltr'>Trimalchio</span> <span class='ocrx_word' id='word_1_28' title='bbox 1124 987 1156 1046; x_wconf 90' lang='lat' dir='ltr'>in</span> <span class='ocrx_word' id='word_1_29' title='bbox 1170 989 1284 1064; x_wconf 88' lang='lat' dir='ltr'>poculis</span> <span class='ocrx_word' id='word_1_30' title='bbox 1307 990 1420 1066; x_wconf 90' lang='lat' dir='ltr'>habuit,</span> 
     </span>
     <span class='ocr_line' id='line_1_5' title="bbox 260 1083 1420 1170; baseline -0.001 -20"><span class='ocrx_word' id='word_1_31' title='bbox 260 1089 406 1170; x_wconf 75' lang='lat' dir='ltr'>gladiator</span> <span class='ocrx_word' id='word_1_32' title='bbox 427 1089 515 1148; x_wconf 86' lang='lat' dir='ltr'>fuisse</span> <span class='ocrx_word' id='word_1_33' title='bbox 535 1087 669 1161; x_wconf 80' lang='lat' dir='ltr'>videtur3</span> <span class='ocrx_word' id='word_1_34' title='bbox 690 1085 765 1146; x_wconf 87' lang='lat' dir='ltr'>alter</span> <span class='ocrx_word' id='word_1_35' title='bbox 785 1094 895 1158; x_wconf 88' lang='lat' dir='ltr'>autem,</span> <span class='ocrx_word' id='word_1_36' title='bbox 910 1083 993 1144; x_wconf 87' lang='lat' dir='ltr'>cuins</span> <span class='ocrx_word' id='word_1_37' title='bbox 1014 1097 1126 1144; x_wconf 87' lang='lat' dir='ltr'>nomeu</span> <span class='ocrx_word' id='word_1_38' title='bbox 1146 1085 1177 1143; x_wconf 92' lang='lat' dir='ltr'>in</span> <span class='ocrx_word' id='word_1_39' title='bbox 1199 1086 1285 1146; x_wconf 87' lang='lat' dir='ltr'>titulo</span> <span class='ocrx_word' id='word_1_40' title='bbox 1305 1089 1420 1166; x_wconf 83' lang='lat' dir='ltr'>legitur,</span> 
     </span>
     <span class='ocr_line' id='line_1_6' title="bbox 260 1183 1420 1262; baseline -0.001 -14"><span class='ocrx_word' id='word_1_41' title='bbox 260 1190 320 1250; x_wconf 86' lang='lat' dir='ltr'>‘ab</span> <span class='ocrx_word' id='word_1_42' title='bbox 334 1187 528 1248; x_wconf 80' lang='lat' dir='ltr'>marmoribus</span> <span class='ocrx_word' id='word_1_43' title='bbox 542 1186 697 1262; x_wconf 80' lang='lat' dir='ltr'>magister&#39;</span> <span class='ocrx_word' id='word_1_44' title='bbox 712 1183 840 1244; x_wconf 90' lang='lat' dir='ltr'>Claudio</span> <span class='ocrx_word' id='word_1_45' title='bbox 854 1191 927 1242; x_wconf 84' lang='lat' dir='ltr'>erat.</span> <span class='ocrx_word' id='word_1_46' title='bbox 970 1183 1126 1241; x_wconf 86' lang='lat' dir='ltr'>Praeterea</span> <span class='ocrx_word' id='word_1_47' title='bbox 1144 1194 1256 1242; x_wconf 84' lang='lat' dir='ltr'>nomen</span> <span class='ocrx_word' id='word_1_48' title='bbox 1271 1187 1420 1247; x_wconf 82' lang='lat' dir='ltr'>‘Herme-</span> 
     </span>
     <span class='ocr_line' id='line_1_7' title="bbox 259 1277 1421 1361; baseline -0.003 -15"><span class='ocrx_word' id='word_1_49' title='bbox 259 1287 326 1346; x_wconf 84' lang='lat' dir='ltr'>ros&#39;</span> <span class='ocrx_word' id='word_1_50' title='bbox 341 1305 359 1344; x_wconf 94' lang='lat' dir='ltr'>a</span> <span class='ocrx_word' id='word_1_51' title='bbox 373 1283 512 1345; x_wconf 88' lang='lat' dir='ltr'>Petronio</span> <span class='ocrx_word' id='word_1_52' title='bbox 526 1284 645 1344; x_wconf 89' lang='lat' dir='ltr'>cuidam</span> <span class='ocrx_word' id='word_1_53' title='bbox 660 1282 826 1342; x_wconf 91' lang='lat' dir='ltr'>conliberto</span> <span class='ocrx_word' id='word_1_54' title='bbox 839 1277 1066 1340; x_wconf 83' lang='lat' dir='ltr'>Trimalchionis</span> <span class='ocrx_word' id='word_1_55' title='bbox 1084 1279 1171 1339; x_wconf 87' lang='lat' dir='ltr'>datur</span> <span class='ocrx_word' id='word_1_56' title='bbox 1190 1281 1233 1361; x_wconf 91' lang='lat' dir='ltr'>(c.</span> <span class='ocrx_word' id='word_1_57' title='bbox 1250 1282 1304 1361; x_wconf 83' lang='lat'>59)</span> <span class='ocrx_word' id='word_1_58' title='bbox 1331 1293 1421 1360; x_wconf 91' lang='lat' dir='ltr'>atque</span> 
     </span>
     <span class='ocr_line' id='line_1_8' title="bbox 261 1376 1422 1458; baseline -0.002 -16"><span class='ocrx_word' id='word_1_59' title='bbox 261 1384 292 1442; x_wconf 88' lang='lat' dir='ltr'>in</span> <span class='ocrx_word' id='word_1_60' title='bbox 319 1383 409 1443; x_wconf 88' lang='lat' dir='ltr'>titulis</span> <span class='ocrx_word' id='word_1_61' title='bbox 437 1381 598 1458; x_wconf 83' lang='lat' dir='ltr'>Campanis</span> <span class='ocrx_word' id='word_1_62' title='bbox 625 1395 714 1456; x_wconf 82' lang='lat' dir='ltr'>saepe</span> <span class='ocrx_word' id='word_1_63' title='bbox 740 1376 867 1457; x_wconf 69' lang='lat' dir='ltr'>legitur?</span> <span class='ocrx_word' id='word_1_64' title='bbox 889 1381 994 1456; x_wconf 88' lang='lat' dir='ltr'>Itaque</span> <span class='ocrx_word' id='word_1_65' title='bbox 1024 1378 1141 1439; x_wconf 91' lang='lat' dir='ltr'>Studeri</span> <span class='ocrx_word' id='word_1_66' title='bbox 1166 1381 1337 1440; x_wconf 88' lang='lat' dir='ltr'>coniectura</span> <span class='ocrx_word' id='word_1_67' title='bbox 1359 1399 1422 1440; x_wconf 91' lang='lat' dir='ltr'>non</span> 
     </span>
     <span class='ocr_line' id='line_1_9' title="bbox 261 1476 1422 1541; baseline -0.003 0"><span class='ocrx_word' id='word_1_68' title='bbox 261 1482 354 1541; x_wconf 81' lang='lat' dir='ltr'>motio</span> <span class='ocrx_word' id='word_1_69' title='bbox 380 1481 493 1540; x_wconf 86' lang='lat' dir='ltr'>incerta</span> <span class='ocrx_word' id='word_1_70' title='bbox 520 1479 574 1540; x_wconf 88' lang='lat' dir='ltr'>sed</span> <span class='ocrx_word' id='word_1_71' title='bbox 602 1479 692 1538; x_wconf 91' lang='lat' dir='ltr'>etiam</span> <span class='ocrx_word' id='word_1_72' title='bbox 719 1477 876 1538; x_wconf 88' lang='lat' dir='ltr'>temeraria</span> <span class='ocrx_word' id='word_1_73' title='bbox 903 1476 1030 1537; x_wconf 89' lang='lat' dir='ltr'>videtur.</span> <span class='ocrx_word' id='word_1_74' title='bbox 1081 1477 1135 1536; x_wconf 93' lang='lat' dir='ltr'>Ille</span> <span class='ocrx_word' id='word_1_75' title='bbox 1169 1487 1269 1538; x_wconf 89' lang='lat' dir='ltr'>autem</span> <span class='ocrx_word' id='word_1_76' title='bbox 1298 1479 1422 1538; x_wconf 89' lang='lat' dir='ltr'>verbum</span> 
     </span>
     <span class='ocr_line' id='line_1_10' title="bbox 261 1573 1422 1653; baseline -0.002 -16"><span class='ocrx_word' id='word_1_77' title='bbox 261 1578 433 1637; x_wconf 88' lang='lat' dir='ltr'>‘Petraitis&#39;</span> <span class='ocrx_word' id='word_1_78' title='bbox 455 1591 554 1638; x_wconf 85' lang='lat' dir='ltr'>errore</span> <span class='ocrx_word' id='word_1_79' title='bbox 574 1593 630 1653; x_wconf 93' lang='lat' dir='ltr'>pro</span> <span class='ocrx_word' id='word_1_80' title='bbox 651 1573 882 1634; x_wconf 85' lang='lat' dir='ltr'>‘Pheronactis’</span> <span class='ocrx_word' id='word_1_81' title='bbox 904 1575 1047 1651; x_wconf 89' lang='lat' dir='ltr'>seriptum</span> <span class='ocrx_word' id='word_1_82' title='bbox 1070 1587 1134 1634; x_wconf 87' lang='lat' dir='ltr'>esse</span> <span class='ocrx_word' id='word_1_83' title='bbox 1158 1575 1280 1651; x_wconf 88' lang='lat' dir='ltr'>putavit,</span> <span class='ocrx_word' id='word_1_84' title='bbox 1302 1577 1422 1635; x_wconf 90' lang='lat' dir='ltr'>conlato</span> 
     </span>
     <span class='ocr_line' id='line_1_11' title="bbox 260 1669 1422 1754; baseline -0.002 -20"><span class='ocrx_word' id='word_1_85' title='bbox 260 1676 328 1736; x_wconf 91' lang='lat' dir='ltr'>loco</span> <span class='ocrx_word' id='word_1_86' title='bbox 355 1678 487 1736; x_wconf 83' lang='lat' dir='ltr'>Senecae</span> <span class='ocrx_word' id='word_1_87' title='bbox 520 1673 751 1754; x_wconf 89' lang='lat' dir='ltr'>(Apocolocynt.</span> <span class='ocrx_word' id='word_1_88' title='bbox 780 1671 887 1733; x_wconf 88' lang='lat' dir='ltr'>Claud.</span> <span class='ocrx_word' id='word_1_89' title='bbox 914 1672 966 1749; x_wconf 85' lang='lat'>13)</span> <span class='ocrx_word' id='word_1_90' title='bbox 996 1673 1047 1732; x_wconf 92' lang='lat' dir='ltr'>ubi</span> <span class='ocrx_word' id='word_1_91' title='bbox 1074 1669 1295 1747; x_wconf 82' lang='lat' dir='ltr'>Pheronactes,⁸</span> <span class='ocrx_word' id='word_1_92' title='bbox 1315 1672 1422 1733; x_wconf 85' lang='lat' dir='ltr'>Claudi</span> 
     </span>
     <span class='ocr_line' id='line_1_12' title="bbox 260 1768 1422 1846; baseline -0.001 -14"><span class='ocrx_word' id='word_1_93' title='bbox 260 1773 391 1846; x_wconf 87' lang='lat' dir='ltr'>libertus,</span> <span class='ocrx_word' id='word_1_94' title='bbox 418 1773 541 1832; x_wconf 90' lang='lat' dir='ltr'>nomine</span> <span class='ocrx_word' id='word_1_95' title='bbox 565 1781 752 1831; x_wconf 86' lang='lat' dir='ltr'>memoratur.</span> <span class='ocrx_word' id='word_1_96' title='bbox 795 1772 835 1830; x_wconf 86' lang='lat' dir='ltr'>At</span> <span class='ocrx_word' id='word_1_97' title='bbox 858 1768 1103 1830; x_wconf 87' lang='lat' dir='ltr'>Friedlaenderus</span> <span class='ocrx_word' id='word_1_98' title='bbox 1125 1770 1219 1829; x_wconf 89' lang='lat' dir='ltr'>multo</span> <span class='ocrx_word' id='word_1_99' title='bbox 1241 1770 1422 1846; x_wconf 80' lang='lat' dir='ltr'>probabilius</span> 
     </span>
     <span class='ocr_line' id='line_1_13' title="bbox 261 1866 1423 1944; baseline -0.002 -15"><span class='ocrx_word' id='word_1_100' title='bbox 261 1867 411 1929; x_wconf 78' lang='lat' dir='ltr'>coniecit⁴</span> <span class='ocrx_word' id='word_1_101' title='bbox 443 1867 619 1928; x_wconf 85' lang='lat' dir='ltr'>‘Tetraitis’</span> <span class='ocrx_word' id='word_1_102' title='bbox 653 1867 843 1928; x_wconf 88' lang='lat' dir='ltr'>scribendum</span> <span class='ocrx_word' id='word_1_103' title='bbox 877 1885 942 1928; x_wconf 90' lang='lat' dir='ltr'>esse</span> <span class='ocrx_word' id='word_1_104' title='bbox 952 1888 961 1942; x_wconf 89' lang='lat'>;</span> <span class='ocrx_word' id='word_1_105' title='bbox 1003 1884 1074 1926; x_wconf 89' lang='lat' dir='ltr'>nam</span> <span class='ocrx_word' id='word_1_106' title='bbox 1109 1866 1279 1944; x_wconf 88' lang='lat' dir='ltr'>gladiatoris</span> <span class='ocrx_word' id='word_1_107' title='bbox 1311 1885 1423 1928; x_wconf 89' lang='lat' dir='ltr'>nomen</span> 
     </span>
     <span class='ocr_line' id='line_1_14' title="bbox 258 1963 1422 2044; baseline -0.002 -18"><span class='ocrx_word' id='word_1_108' title='bbox 258 1968 407 2027; x_wconf 66' lang='lat' dir='ltr'>&#39;Tetraites</span> <span class='ocrx_word' id='word_1_109' title='bbox 429 1966 535 2043; x_wconf 82' lang='lat' dir='ltr'>legitur</span> <span class='ocrx_word' id='word_1_110' title='bbox 554 1967 585 2024; x_wconf 88' lang='lat' dir='ltr'>in</span> <span class='ocrx_word' id='word_1_111' title='bbox 605 1965 691 2026; x_wconf 87' lang='lat' dir='ltr'>titulo</span> <span class='ocrx_word' id='word_1_112' title='bbox 712 1966 896 2042; x_wconf 90' lang='lat' dir='ltr'>Pompeiano</span> <span class='ocrx_word' id='word_1_113' title='bbox 928 1964 980 2044; x_wconf 93' lang='lat' dir='ltr'>(C.</span> <span class='ocrx_word' id='word_1_114' title='bbox 1002 1966 1028 2024; x_wconf 96' lang='lat' dir='ltr'>I.</span> <span class='ocrx_word' id='word_1_115' title='bbox 1051 1966 1085 2024; x_wconf 90' lang='lat' dir='ltr'>L.</span> <span class='ocrx_word' id='word_1_116' title='bbox 1107 1963 1159 2024; x_wconf 94' lang='lat' dir='ltr'>IV.</span> <span class='ocrx_word' id='word_1_117' title='bbox 1184 1963 1273 2043; x_wconf 76' lang='lat'>538).</span> <span class='ocrx_word' id='word_1_118' title='bbox 1316 1965 1422 2042; x_wconf 84' lang='lat' dir='ltr'>Itaque</span> 
     </span>
     <span class='ocr_line' id='line_1_15' title="bbox 262 2062 1017 2140; baseline -0.003 -17"><span class='ocrx_word' id='word_1_119' title='bbox 262 2064 337 2123; x_wconf 90' lang='lat' dir='ltr'>haec</span> <span class='ocrx_word' id='word_1_120' title='bbox 350 2081 470 2140; x_wconf 90' lang='lat' dir='ltr'>quoque</span> <span class='ocrx_word' id='word_1_121' title='bbox 485 2063 601 2124; x_wconf 87' lang='lat' dir='ltr'>Studeri</span> <span class='ocrx_word' id='word_1_122' title='bbox 614 2063 785 2123; x_wconf 88' lang='lat' dir='ltr'>coniectura</span> <span class='ocrx_word' id='word_1_123' title='bbox 798 2062 948 2122; x_wconf 87' lang='lat' dir='ltr'>reicienda</span> <span class='ocrx_word' id='word_1_124' title='bbox 963 2071 1017 2122; x_wconf 88' lang='lat' dir='ltr'>est.</span> 
     </span>
    </p>

    <p class='ocr_par' dir='ltr' id='par_1_3' title="bbox 260 2151 1422 2917">
     <span class='ocr_line' id='line_1_16' title="bbox 266 2151 1421 2241; baseline -0.003 -20"><span class='ocrx_word' id='word_1_125' title='bbox 266 2229 269 2234; x_wconf 52' lang='grc'>,</span> <span class='ocrx_word' id='word_1_126' title='bbox 307 2161 357 2241; x_wconf 88' lang='lat'>(4)</span> <span class='ocrx_word' id='word_1_127' title='bbox 404 2161 542 2221; x_wconf 83' lang='lat' dir='ltr'>Laenatis</span> <span class='ocrx_word' id='word_1_128' title='bbox 575 2160 782 2237; x_wconf 88' lang='lat' dir='ltr'>gladiatorium</span> <span class='ocrx_word' id='word_1_129' title='bbox 816 2151 922 2220; x_wconf 87' lang='lat' dir='ltr'>munus</span> <span class='ocrx_word' id='word_1_130' title='bbox 952 2161 984 2219; x_wconf 95' lang='lat' dir='ltr'>in</span> <span class='ocrx_word' id='word_1_131' title='bbox 1011 2160 1124 2236; x_wconf 88' lang='lat' dir='ltr'>pariete</span> <span class='ocrx_word' id='word_1_132' title='bbox 1158 2158 1266 2220; x_wconf 85' lang='lat' dir='ltr'>domus</span> <span class='ocrx_word' id='word_1_133' title='bbox 1296 2153 1421 2219; x_wconf 87' lang='lat' dir='ltr'>Trimal-</span> 
     </span>
     <span class='ocr_line' id='line_1_17' title="bbox 261 2254 1422 2337; baseline -0.002 -19"><span class='ocrx_word' id='word_1_134' title='bbox 261 2258 377 2319; x_wconf 87' lang='lat' dir='ltr'>chionis</span> <span class='ocrx_word' id='word_1_135' title='bbox 398 2259 512 2334; x_wconf 88' lang='lat' dir='ltr'>pictum</span> <span class='ocrx_word' id='word_1_136' title='bbox 539 2268 602 2318; x_wconf 91' lang='lat' dir='ltr'>erat</span> <span class='ocrx_word' id='word_1_137' title='bbox 629 2257 673 2337; x_wconf 85' lang='lat' dir='ltr'>(c.</span> <span class='ocrx_word' id='word_1_138' title='bbox 696 2255 763 2335; x_wconf 77' lang='lat'>29).</span> <span class='ocrx_word' id='word_1_139' title='bbox 806 2259 911 2333; x_wconf 89' lang='lat' dir='ltr'>Itaque</span> <span class='ocrx_word' id='word_1_140' title='bbox 939 2254 1143 2316; x_wconf 84' lang='lat' dir='ltr'>Burmannus⁶</span> <span class='ocrx_word' id='word_1_141' title='bbox 1165 2257 1264 2316; x_wconf 90' lang='lat' dir='ltr'>locum</span> <span class='ocrx_word' id='word_1_142' title='bbox 1287 2258 1422 2317; x_wconf 88' lang='lat' dir='ltr'>Frontini</span> 
     </span>
     <span class='ocr_line' id='line_1_18' title="bbox 266 2353 1420 2433; baseline -0.001 -18"><span class='ocrx_word' id='word_1_143' title='bbox 266 2355 320 2433; x_wconf 91' lang='lat' dir='ltr'>(de</span> <span class='ocrx_word' id='word_1_144' title='bbox 334 2355 472 2432; x_wconf 86' lang='lat' dir='ltr'>Aquaed.</span> <span class='ocrx_word' id='word_1_145' title='bbox 494 2373 521 2415; x_wconf 91' lang='lat' dir='ltr'>c.</span> <span class='ocrx_word' id='word_1_146' title='bbox 547 2355 618 2432; x_wconf 82' lang='lat'>102)</span> <span class='ocrx_word' id='word_1_147' title='bbox 651 2355 767 2415; x_wconf 85' lang='lat' dir='ltr'>confert</span> <span class='ocrx_word' id='word_1_148' title='bbox 788 2355 838 2415; x_wconf 88' lang='lat' dir='ltr'>ubi</span> <span class='ocrx_word' id='word_1_149' title='bbox 862 2355 897 2415; x_wconf 92' lang='lat' dir='ltr'>C.</span> <span class='ocrx_word' id='word_1_150' title='bbox 919 2353 1060 2415; x_wconf 86' lang='lat' dir='ltr'>Octavius</span> <span class='ocrx_word' id='word_1_151' title='bbox 1082 2355 1196 2413; x_wconf 87' lang='lat' dir='ltr'>Laenas</span> <span class='ocrx_word' id='word_1_152' title='bbox 1219 2355 1332 2415; x_wconf 89' lang='lat' dir='ltr'>A.U.C.</span> <span class='ocrx_word' id='word_1_153' title='bbox 1365 2356 1420 2431; x_wconf 87' lang='lat'>786</span> 
     </span>
     <span class='ocr_line' id='line_1_19' title="bbox 260 2449 1421 2528; baseline 0.001 -17"><span class='ocrx_word' id='word_1_154' title='bbox 260 2463 380 2512; x_wconf 88' lang='lat' dir='ltr'>curator</span> <span class='ocrx_word' id='word_1_155' title='bbox 399 2469 543 2528; x_wconf 84' lang='lat' dir='ltr'>aquarum</span> <span class='ocrx_word' id='word_1_156' title='bbox 564 2452 652 2512; x_wconf 82' lang='lat' dir='ltr'>fuisse</span> <span class='ocrx_word' id='word_1_157' title='bbox 673 2451 781 2512; x_wconf 90' lang='lat' dir='ltr'>dicitur</span> <span class='ocrx_word' id='word_1_158' title='bbox 790 2473 800 2526; x_wconf 81' lang='lat'>3</span> <span class='ocrx_word' id='word_1_159' title='bbox 822 2449 982 2513; x_wconf 81' lang='lat' dir='ltr'>studerus⁶</span> <span class='ocrx_word' id='word_1_160' title='bbox 1002 2463 1102 2511; x_wconf 92' lang='lat' dir='ltr'>autem</span> <span class='ocrx_word' id='word_1_161' title='bbox 1130 2451 1301 2511; x_wconf 88' lang='lat' dir='ltr'>dubitanter</span> <span class='ocrx_word' id='word_1_162' title='bbox 1324 2451 1421 2512; x_wconf 84' lang='lat' dir='ltr'>adfert</span> 
     </span>
     <span class='ocr_line' id='line_1_20' title="bbox 261 2549 1420 2626; baseline -0.001 -17"><span class='ocrx_word' id='word_1_163' title='bbox 261 2567 373 2609; x_wconf 89' lang='lat' dir='ltr'>nomen</span> <span class='ocrx_word' id='word_1_164' title='bbox 392 2551 517 2626; x_wconf 89' lang='lat' dir='ltr'>Vipsani</span> <span class='ocrx_word' id='word_1_165' title='bbox 538 2550 685 2624; x_wconf 77' lang='lat' dir='ltr'>LaenatiS,</span> <span class='ocrx_word' id='word_1_166' title='bbox 700 2550 752 2625; x_wconf 91' lang='lat' dir='ltr'>qui</span> <span class='ocrx_word' id='word_1_167' title='bbox 778 2550 893 2610; x_wconf 88' lang='lat' dir='ltr'>A.U.C.</span> <span class='ocrx_word' id='word_1_168' title='bbox 908 2552 967 2626; x_wconf 88' lang='lat'>809</span> <span class='ocrx_word' id='word_1_169' title='bbox 989 2549 1030 2610; x_wconf 92' lang='lat' dir='ltr'>ob</span> <span class='ocrx_word' id='word_1_170' title='bbox 1051 2549 1216 2610; x_wconf 88' lang='lat' dir='ltr'>Sardiniam</span> <span class='ocrx_word' id='word_1_171' title='bbox 1240 2562 1326 2608; x_wconf 85' lang='lat' dir='ltr'>avare</span> <span class='ocrx_word' id='word_1_172' title='bbox 1348 2550 1420 2608; x_wconf 86' lang='lat' dir='ltr'>hab·</span> 
     </span>
     <span class='ocr_line' id='line_1_21' title="bbox 261 2644 1420 2724; baseline 0.001 -19"><span class='ocrx_word' id='word_1_173' title='bbox 261 2647 334 2708; x_wconf 88' lang='lat' dir='ltr'>itam</span> <span class='ocrx_word' id='word_1_174' title='bbox 358 2646 514 2706; x_wconf 91' lang='lat' dir='ltr'>damnatus</span> <span class='ocrx_word' id='word_1_175' title='bbox 535 2656 581 2706; x_wconf 91' lang='lat' dir='ltr'>est</span> <span class='ocrx_word' id='word_1_176' title='bbox 606 2647 694 2724; x_wconf 87' lang='lat' dir='ltr'>(Tac.</span> <span class='ocrx_word' id='word_1_177' title='bbox 708 2649 786 2706; x_wconf 85' lang='lat' dir='ltr'>Anu.</span> <span class='ocrx_word' id='word_1_178' title='bbox 799 2649 889 2706; x_wconf 91' lang='lat' dir='ltr'>XIII.</span> <span class='ocrx_word' id='word_1_179' title='bbox 912 2644 981 2723; x_wconf 85' lang='lat'>30).</span> <span class='ocrx_word' id='word_1_180' title='bbox 1022 2649 1061 2705; x_wconf 91' lang='lat' dir='ltr'>At</span> <span class='ocrx_word' id='word_1_181' title='bbox 1086 2647 1217 2705; x_wconf 90' lang='lat' dir='ltr'>Laenate</span> <span class='ocrx_word' id='word_1_182' title='bbox 1241 2647 1420 2723; x_wconf 83' lang='lat' dir='ltr'>cognombre</span> 
     </span>
     <span class='ocr_line' id='line_1_22' title="bbox 262 2741 1418 2820; baseline 0 -18"><span class='ocrx_word' id='word_1_183' title='bbox 262 2753 401 2820; x_wconf 87' lang='lat' dir='ltr'>quattuor</span> <span class='ocrx_word' id='word_1_184' title='bbox 420 2753 502 2804; x_wconf 89' lang='lat' dir='ltr'>certe</span> <span class='ocrx_word' id='word_1_185' title='bbox 516 2754 629 2820; x_wconf 88' lang='lat' dir='ltr'>gentes,</span> <span class='ocrx_word' id='word_1_186' title='bbox 646 2741 790 2820; x_wconf 80' lang='lat' dir='ltr'>Popillia,⁷</span> <span class='ocrx_word' id='word_1_187' title='bbox 805 2744 938 2816; x_wconf 84' lang='lat' dir='ltr'>Octavia,</span> <span class='ocrx_word' id='word_1_188' title='bbox 956 2743 1107 2819; x_wconf 89' lang='lat' dir='ltr'>Vipsania,</span> <span class='ocrx_word' id='word_1_189' title='bbox 1125 2744 1279 2816; x_wconf 79' lang='lat' dir='ltr'>Pontiam,</span> <span class='ocrx_word' id='word_1_190' title='bbox 1294 2744 1418 2804; x_wconf 88' lang='lat' dir='ltr'>uteban-</span> 
     </span>
     <span class='ocr_line' id='line_1_23' title="bbox 264 2841 1419 2917; baseline 0.002 -19"><span class='ocrx_word' id='word_1_191' title='bbox 264 2851 318 2900; x_wconf 88' lang='lat' dir='ltr'>tur.</span> <span class='ocrx_word' id='word_1_192' title='bbox 361 2841 499 2900; x_wconf 88' lang='lat' dir='ltr'>Fortasse</span> <span class='ocrx_word' id='word_1_193' title='bbox 513 2851 613 2900; x_wconf 89' lang='lat' dir='ltr'>autem</span> <span class='ocrx_word' id='word_1_194' title='bbox 629 2842 743 2900; x_wconf 90' lang='lat' dir='ltr'>Laenas</span> <span class='ocrx_word' id='word_1_195' title='bbox 758 2841 805 2899; x_wconf 94' lang='lat' dir='ltr'>ille</span> <span class='ocrx_word' id='word_1_196' title='bbox 820 2841 903 2900; x_wconf 85' lang='lat' dir='ltr'>cuius</span> <span class='ocrx_word' id='word_1_197' title='bbox 918 2857 1023 2899; x_wconf 89' lang='lat' dir='ltr'>munus</span> <span class='ocrx_word' id='word_1_198' title='bbox 1044 2841 1075 2899; x_wconf 88' lang='lat' dir='ltr'>in</span> <span class='ocrx_word' id='word_1_199' title='bbox 1096 2841 1208 2917; x_wconf 91' lang='lat' dir='ltr'>pariete</span> <span class='ocrx_word' id='word_1_200' title='bbox 1226 2843 1340 2917; x_wconf 88' lang='lat' dir='ltr'>pictum</span> <span class='ocrx_word' id='word_1_201' title='bbox 1356 2852 1419 2900; x_wconf 91' lang='lat' dir='ltr'>erat</span> 
     </span>
    </p>
   </div>
   <div class='ocr_carea' id='block_1_3' title="bbox 260 3106 1420 4495">
    <p class='ocr_par' dir='ltr' id='par_1_4' title="bbox 260 3106 1420 3832">
     <span class='ocr_line' id='line_1_24' title="bbox 303 3106 1420 3171; baseline 0 -15"><span class='ocrx_word' id='word_1_202' title='bbox 303 3106 314 3140; x_wconf 86' lang='lat'>¹</span> <span class='ocrx_word' id='word_1_203' title='bbox 326 3107 424 3156; x_wconf 89' lang='lat' dir='ltr'>Gruter.</span> <span class='ocrx_word' id='word_1_204' title='bbox 437 3108 516 3157; x_wconf 90' lang='lat' dir='ltr'>Inscr.</span> <span class='ocrx_word' id='word_1_205' title='bbox 528 3123 553 3171; x_wconf 90' lang='lat' dir='ltr'>p.</span> <span class='ocrx_word' id='word_1_206' title='bbox 562 3108 644 3157; x_wconf 88' lang='lat' dir='ltr'>XXV.</span> <span class='ocrx_word' id='word_1_207' title='bbox 659 3120 688 3156; x_wconf 90' lang='lat'>12</span> <span class='ocrx_word' id='word_1_208' title='bbox 693 3125 700 3168; x_wconf 89' lang='lat'>;</span> <span class='ocrx_word' id='word_1_209' title='bbox 717 3107 746 3156; x_wconf 91' lang='lat' dir='ltr'>C.</span> <span class='ocrx_word' id='word_1_210' title='bbox 759 3108 781 3156; x_wconf 85' lang='lat'>1.</span> <span class='ocrx_word' id='word_1_211' title='bbox 793 3107 821 3156; x_wconf 94' lang='lat' dir='ltr'>L.</span> <span class='ocrx_word' id='word_1_212' title='bbox 835 3106 881 3157; x_wconf 90' lang='lat' dir='ltr'>XI.</span> <span class='ocrx_word' id='word_1_213' title='bbox 894 3119 974 3171; x_wconf 86' lang='lat'>3199:</span> <span class='ocrx_word' id='word_1_214' title='bbox 988 3107 1141 3156; x_wconf 89' lang='lat' dir='ltr'>‘Hermeros</span> <span class='ocrx_word' id='word_1_215' title='bbox 1153 3107 1192 3156; x_wconf 92' lang='lat' dir='ltr'>Ti.</span> <span class='ocrx_word' id='word_1_216' title='bbox 1205 3106 1302 3156; x_wconf 89' lang='lat' dir='ltr'>Claudii</span> <span class='ocrx_word' id='word_1_217' title='bbox 1314 3107 1420 3157; x_wconf 89' lang='lat' dir='ltr'>Caisaris</span> 
     </span>
     <span class='ocr_line' id='line_1_25' title="bbox 261 3188 1420 3253; baseline 0.002 -15"><span class='ocrx_word' id='word_1_218' title='bbox 261 3191 328 3252; x_wconf 87' lang='lat' dir='ltr'>Aug.</span> <span class='ocrx_word' id='word_1_219' title='bbox 347 3189 491 3238; x_wconf 89' lang='lat' dir='ltr'>Germanici</span> <span class='ocrx_word' id='word_1_220' title='bbox 516 3205 563 3239; x_wconf 87' lang='lat' dir='ltr'>ser.</span> <span class='ocrx_word' id='word_1_221' title='bbox 586 3190 783 3253; x_wconf 64' lang='lat' dir='ltr'>ffiyamidianus</span> <span class='ocrx_word' id='word_1_222' title='bbox 806 3189 838 3238; x_wconf 90' lang='lat' dir='ltr'>ab</span> <span class='ocrx_word' id='word_1_223' title='bbox 861 3188 1054 3253; x_wconf 88' lang='lat' dir='ltr'>marmorib(us)</span> <span class='ocrx_word' id='word_1_224' title='bbox 1077 3189 1194 3252; x_wconf 89' lang='lat' dir='ltr'>magister</span> <span class='ocrx_word' id='word_1_225' title='bbox 1219 3190 1342 3238; x_wconf 87' lang='lat' dir='ltr'>Feroniae</span> <span class='ocrx_word' id='word_1_226' title='bbox 1365 3206 1420 3240; x_wconf 86' lang='lat' dir='ltr'>aras</span> 
     </span>
     <span class='ocr_line' id='line_1_26' title="bbox 262 3271 1420 3336; baseline 0.002 -16"><span class='ocrx_word' id='word_1_227' title='bbox 262 3271 372 3336; x_wconf 88' lang='lat' dir='ltr'>quinque</span> <span class='ocrx_word' id='word_1_228' title='bbox 385 3273 409 3321; x_wconf 90' lang='lat' dir='ltr'>d.</span> <span class='ocrx_word' id='word_1_229' title='bbox 419 3287 438 3320; x_wconf 88' lang='lat' dir='ltr'>s.</span> <span class='ocrx_word' id='word_1_230' title='bbox 448 3271 472 3320; x_wconf 89' lang='lat' dir='ltr'>d.</span> <span class='ocrx_word' id='word_1_231' title='bbox 483 3272 516 3322; x_wconf 90' lang='lat' dir='ltr'>d.’</span> <span class='ocrx_word' id='word_1_232' title='bbox 549 3273 626 3321; x_wconf 89' lang='lat' dir='ltr'>Hunc</span> <span class='ocrx_word' id='word_1_233' title='bbox 639 3271 737 3321; x_wconf 90' lang='lat' dir='ltr'>titulum</span> <span class='ocrx_word' id='word_1_234' title='bbox 749 3271 869 3321; x_wconf 89' lang='lat' dir='ltr'>Studerus</span> <span class='ocrx_word' id='word_1_235' title='bbox 881 3271 1045 3334; x_wconf 86' lang='lat' dir='ltr'>neglegenter</span> <span class='ocrx_word' id='word_1_236' title='bbox 1053 3271 1184 3336; x_wconf 85' lang='lat' dir='ltr'>descripsit</span> <span class='ocrx_word' id='word_1_237' title='bbox 1197 3271 1420 3336; x_wconf 86' lang='lat' dir='ltr'>neglegentiusque</span> 
     </span>
     <span class='ocr_line' id='line_1_27' title="bbox 262 3353 1420 3419; baseline 0.002 -17"><span class='ocrx_word' id='word_1_238' title='bbox 262 3355 383 3403; x_wconf 87' lang='lat' dir='ltr'>tractavit.</span> <span class='ocrx_word' id='word_1_239' title='bbox 417 3354 489 3403; x_wconf 87' lang='lat' dir='ltr'>Talia</span> <span class='ocrx_word' id='word_1_240' title='bbox 505 3354 574 3403; x_wconf 89' lang='lat' dir='ltr'>enirn</span> <span class='ocrx_word' id='word_1_241' title='bbox 590 3354 688 3418; x_wconf 83' lang='lat' dir='ltr'>scripsit</span> <span class='ocrx_word' id='word_1_242' title='bbox 707 3353 786 3418; x_wconf 87' lang='lat' dir='ltr'>(Mus.</span> <span class='ocrx_word' id='word_1_243' title='bbox 809 3354 892 3404; x_wconf 89' lang='lat' dir='ltr'>Rhen.</span> <span class='ocrx_word' id='word_1_244' title='bbox 910 3370 967 3402; x_wconf 91' lang='lat' dir='ltr'>nov.</span> <span class='ocrx_word' id='word_1_245' title='bbox 989 3354 1024 3403; x_wconf 91' lang='lat'>11.</span> <span class='ocrx_word' id='word_1_246' title='bbox 1040 3369 1065 3418; x_wconf 90' lang='lat' dir='ltr'>p.</span> <span class='ocrx_word' id='word_1_247' title='bbox 1085 3354 1164 3419; x_wconf 88' lang='lat'>221):</span> <span class='ocrx_word' id='word_1_248' title='bbox 1187 3354 1420 3418; x_wconf 86' lang='lat' dir='ltr'>‘Mb&#39;glicherweise</span> 
     </span>
     <span class='ocr_line' id='line_1_28' title="bbox 261 3436 1420 3502; baseline 0.003 -18"><span class='ocrx_word' id='word_1_249' title='bbox 261 3436 358 3485; x_wconf 86' lang='lat' dir='ltr'>kdnnte</span> <span class='ocrx_word' id='word_1_250' title='bbox 371 3439 415 3487; x_wconf 93' lang='lat' dir='ltr'>der</span> <span class='ocrx_word' id='word_1_251' title='bbox 430 3438 575 3496; x_wconf 76' lang='lat' dir='ltr'>Hermeios,</span> <span class='ocrx_word' id='word_1_252' title='bbox 588 3437 678 3486; x_wconf 89' lang='lat' dir='ltr'>dessen</span> <span class='ocrx_word' id='word_1_253' title='bbox 695 3436 869 3501; x_wconf 83' lang='lat' dir='ltr'>Kampfspiele</span> <span class='ocrx_word' id='word_1_254' title='bbox 887 3436 932 3486; x_wconf 87' lang='lat' dir='ltr'>auf</span> <span class='ocrx_word' id='word_1_255' title='bbox 945 3436 1111 3486; x_wconf 86' lang='lat' dir='ltr'>Trimalchios</span> <span class='ocrx_word' id='word_1_256' title='bbox 1126 3437 1317 3487; x_wconf 88' lang='lat' dir='ltr'>Trinkbechern</span> <span class='ocrx_word' id='word_1_257' title='bbox 1329 3438 1420 3502; x_wconf 87' lang='lat' dir='ltr'>gravirt</span> 
     </span>
     <span class='ocr_line' id='line_1_29' title="bbox 261 3519 1420 3583; baseline 0.004 -16"><span class='ocrx_word' id='word_1_258' title='bbox 261 3532 353 3578; x_wconf 85' lang='lat' dir='ltr'>waren,</span> <span class='ocrx_word' id='word_1_259' title='bbox 366 3519 422 3568; x_wconf 88' lang='lat' dir='ltr'>eine</span> <span class='ocrx_word' id='word_1_260' title='bbox 435 3521 529 3569; x_wconf 90' lang='lat' dir='ltr'>Person</span> <span class='ocrx_word' id='word_1_261' title='bbox 548 3519 603 3568; x_wconf 90' lang='lat' dir='ltr'>sein</span> <span class='ocrx_word' id='word_1_262' title='bbox 620 3519 665 3568; x_wconf 88' lang='lat' dir='ltr'>mit</span> <span class='ocrx_word' id='word_1_263' title='bbox 680 3519 765 3582; x_wconf 88' lang='lat' dir='ltr'>jenem</span> <span class='ocrx_word' id='word_1_264' title='bbox 782 3519 824 3568; x_wconf 93' lang='lat' dir='ltr'>bei</span> <span class='ocrx_word' id='word_1_265' title='bbox 843 3519 933 3568; x_wconf 85' lang='lat' dir='ltr'>Gruter</span> <span class='ocrx_word' id='word_1_266' title='bbox 953 3534 978 3583; x_wconf 92' lang='lat' dir='ltr'>p.</span> <span class='ocrx_word' id='word_1_267' title='bbox 998 3520 1079 3568; x_wconf 88' lang='lat' dir='ltr'>XXV.</span> <span class='ocrx_word' id='word_1_268' title='bbox 1102 3531 1131 3568; x_wconf 86' lang='lat'>12</span> <span class='ocrx_word' id='word_1_269' title='bbox 1150 3519 1195 3569; x_wconf 87' lang='lat' dir='ltr'>auf</span> <span class='ocrx_word' id='word_1_270' title='bbox 1213 3520 1282 3569; x_wconf 88' lang='lat' dir='ltr'>einer</span> <span class='ocrx_word' id='word_1_271' title='bbox 1301 3519 1420 3571; x_wconf 88' lang='lat' dir='ltr'>Inschrist</span> 
     </span>
     <span class='ocr_line' id='line_1_30' title="bbox 261 3601 1419 3668; baseline 0 -18"><span class='ocrx_word' id='word_1_272' title='bbox 261 3602 407 3650; x_wconf 77' lang='lat' dir='ltr'>erwi&#39;thnten</span> <span class='ocrx_word' id='word_1_273' title='bbox 426 3603 571 3661; x_wconf 78' lang='lat' dir='ltr'>Harmatos,</span> <span class='ocrx_word' id='word_1_274' title='bbox 582 3601 638 3650; x_wconf 90' lang='lat' dir='ltr'>Tib.</span> <span class='ocrx_word' id='word_1_275' title='bbox 649 3602 748 3651; x_wconf 89' lang='lat' dir='ltr'>Claudii</span> <span class='ocrx_word' id='word_1_276' title='bbox 764 3601 903 3662; x_wconf 89' lang='lat' dir='ltr'>libertus,a</span> <span class='ocrx_word' id='word_1_277' title='bbox 923 3603 1094 3662; x_wconf 89' lang='lat' dir='ltr'>marmoribus,</span> <span class='ocrx_word' id='word_1_278' title='bbox 1114 3609 1139 3652; x_wconf 89' lang='lat' dir='ltr'>et</span> <span class='ocrx_word' id='word_1_279' title='bbox 1149 3603 1188 3668; x_wconf 83' lang='lat' dir='ltr'>(l)</span> <span class='ocrx_word' id='word_1_280' title='bbox 1209 3603 1326 3666; x_wconf 88' lang='lat' dir='ltr'>magister</span> <span class='ocrx_word' id='word_1_281' title='bbox 1344 3604 1419 3652; x_wconf 87' lang='lat' dir='ltr'>Fero-</span> 
     </span>
     <span class='ocr_line' id='line_1_31' title="bbox 262 3684 1419 3750; baseline 0.001 -16"><span class='ocrx_word' id='word_1_282' title='bbox 262 3684 335 3734; x_wconf 70' lang='lat' dir='ltr'>niae!</span> <span class='ocrx_word' id='word_1_283' title='bbox 370 3685 422 3734; x_wconf 88' lang='lat' dir='ltr'>Sed</span> <span class='ocrx_word' id='word_1_284' title='bbox 432 3684 508 3734; x_wconf 89' lang='lat' dir='ltr'>verba</span> <span class='ocrx_word' id='word_1_285' title='bbox 525 3685 574 3734; x_wconf 80' lang='lat' dir='ltr'>‘ab</span> <span class='ocrx_word' id='word_1_286' title='bbox 591 3684 755 3734; x_wconf 88' lang='lat' dir='ltr'>marmoribus</span> <span class='ocrx_word' id='word_1_287' title='bbox 770 3684 902 3750; x_wconf 88' lang='lat' dir='ltr'>magister’</span> <span class='ocrx_word' id='word_1_288' title='bbox 917 3685 1095 3749; x_wconf 89' lang='lat' dir='ltr'>coniungenda</span> <span class='ocrx_word' id='word_1_289' title='bbox 1107 3693 1172 3736; x_wconf 89' lang='lat' dir='ltr'>sunt.</span> <span class='ocrx_word' id='word_1_290' title='bbox 1208 3685 1246 3735; x_wconf 86' lang='lat' dir='ltr'>Cf.</span> <span class='ocrx_word' id='word_1_291' title='bbox 1258 3686 1286 3736; x_wconf 90' lang='lat' dir='ltr'>C.</span> <span class='ocrx_word' id='word_1_292' title='bbox 1299 3685 1320 3735; x_wconf 92' lang='lat' dir='ltr'>I.</span> <span class='ocrx_word' id='word_1_293' title='bbox 1332 3686 1362 3735; x_wconf 91' lang='lat' dir='ltr'>L.</span> <span class='ocrx_word' id='word_1_294' title='bbox 1373 3686 1419 3735; x_wconf 88' lang='lat' dir='ltr'>VI.</span> 
     </span>
     <span class='ocr_line' id='line_1_32' title="bbox 260 3765 629 3832; baseline 0.003 -16"><span class='ocrx_word' id='word_1_295' title='bbox 260 3765 339 3832; x_wconf 82' lang='lat'>8512;</span> <span class='ocrx_word' id='word_1_296' title='bbox 361 3767 506 3818; x_wconf 89' lang='lat' dir='ltr'>Willmann.</span> <span class='ocrx_word' id='word_1_297' title='bbox 518 3783 543 3818; x_wconf 88' lang='lat' dir='ltr'>u.</span> <span class='ocrx_word' id='word_1_298' title='bbox 556 3767 629 3829; x_wconf 81' lang='lat'>2646.</span> 
     </span>
    </p>

    <p class='ocr_par' dir='ltr' id='par_1_5' title="bbox 302 3847 1385 3918">
     <span class='ocr_line' id='line_1_33' title="bbox 302 3847 1385 3918; baseline 0.001 -20"><span class='ocrx_word' id='word_1_299' title='bbox 302 3847 353 3899; x_wconf 77' lang='lat' dir='ltr'>²C.</span> <span class='ocrx_word' id='word_1_300' title='bbox 366 3850 386 3899; x_wconf 93' lang='lat'>1.</span> <span class='ocrx_word' id='word_1_301' title='bbox 399 3850 429 3899; x_wconf 94' lang='lat' dir='ltr'>L.</span> <span class='ocrx_word' id='word_1_302' title='bbox 441 3850 485 3900; x_wconf 89' lang='lat' dir='ltr'>IV.</span> <span class='ocrx_word' id='word_1_303' title='bbox 500 3862 575 3915; x_wconf 78' lang='lat'><strong>¹2543</strong></span> <span class='ocrx_word' id='word_1_304' title='bbox 599 3850 673 3915; x_wconf 79' lang='lat'>12563</span> <span class='ocrx_word' id='word_1_305' title='bbox 696 3858 772 3913; x_wconf 80' lang='lat'>2192;</span> <span class='ocrx_word' id='word_1_306' title='bbox 794 3864 871 3917; x_wconf 72' lang='lat'>21955</span> <span class='ocrx_word' id='word_1_307' title='bbox 892 3853 924 3901; x_wconf 93' lang='lat' dir='ltr'>X.</span> <span class='ocrx_word' id='word_1_308' title='bbox 935 3849 994 3917; x_wconf 75' lang='lat'><strong>5283</strong></span> <span class='ocrx_word' id='word_1_309' title='bbox 1020 3852 1094 3918; x_wconf 72' lang='lat'>1565,</span> <span class='ocrx_word' id='word_1_310' title='bbox 1117 3863 1191 3917; x_wconf 86' lang='lat'>1599;</span> <span class='ocrx_word' id='word_1_311' title='bbox 1216 3851 1292 3917; x_wconf 83' lang='lat'><strong>2652;</strong></span> <span class='ocrx_word' id='word_1_312' title='bbox 1314 3861 1385 3915; x_wconf 91' lang='lat'>2707.</span> 
     </span>
    </p>

    <p class='ocr_par' dir='ltr' id='par_1_6' title="bbox 261 3929 1418 4066">
     <span class='ocr_line' id='line_1_34' title="bbox 302 3929 1418 3999; baseline 0.002 -18"><span class='ocrx_word' id='word_1_313' title='bbox 302 3929 385 3982; x_wconf 78' lang='lat' dir='ltr'>⁸H0c</span> <span class='ocrx_word' id='word_1_314' title='bbox 397 3947 490 3981; x_wconf 89' lang='lat' dir='ltr'>nomen</span> <span class='ocrx_word' id='word_1_315' title='bbox 503 3933 606 3982; x_wconf 90' lang='lat' dir='ltr'>dubium</span> <span class='ocrx_word' id='word_1_316' title='bbox 618 3939 667 3993; x_wconf 91' lang='lat' dir='ltr'>est;</span> <span class='ocrx_word' id='word_1_317' title='bbox 689 3934 791 3983; x_wconf 88' lang='lat' dir='ltr'>namin</span> <span class='ocrx_word' id='word_1_318' title='bbox 809 3935 896 3984; x_wconf 89' lang='lat' dir='ltr'>codice</span> <span class='ocrx_word' id='word_1_319' title='bbox 915 3934 1071 3998; x_wconf 80' lang='lat' dir='ltr'>sangallensi</span> <span class='ocrx_word' id='word_1_320' title='bbox 1090 3935 1219 3999; x_wconf 84' lang='lat' dir='ltr'>‘pherona</span> <span class='ocrx_word' id='word_1_321' title='bbox 1238 3941 1294 3983; x_wconf 86' lang='lat' dir='ltr'>otus</span> <span class='ocrx_word' id='word_1_322' title='bbox 1314 3932 1418 3996; x_wconf 81' lang='lat' dir='ltr'>’legitur¹</span> 
     </span>
     <span class='ocr_line' id='line_1_35' title="bbox 261 4013 909 4066; baseline 0.005 -3"><span class='ocrx_word' id='word_1_323' title='bbox 261 4013 431 4064; x_wconf 89' lang='lat' dir='ltr'>Buechelerus</span> <span class='ocrx_word' id='word_1_324' title='bbox 442 4016 468 4064; x_wconf 94' lang='lat' dir='ltr'>in</span> <span class='ocrx_word' id='word_1_325' title='bbox 480 4016 590 4065; x_wconf 89' lang='lat' dir='ltr'>editione</span> <span class='ocrx_word' id='word_1_326' title='bbox 603 4016 801 4066; x_wconf 87' lang='lat' dir='ltr'>‘Pheronactus&#39;</span> <span class='ocrx_word' id='word_1_327' title='bbox 814 4017 909 4066; x_wconf 87' lang='lat' dir='ltr'>maluit.</span> 
     </span>
    </p>

    <p class='ocr_par' dir='ltr' id='par_1_7' title="bbox 261 4094 1419 4247">
     <span class='ocr_line' id='line_1_36' title="bbox 302 4094 1419 4164; baseline 0.002 -19"><span class='ocrx_word' id='word_1_328' title='bbox 302 4094 392 4146; x_wconf 70' lang='lat' dir='ltr'>‘Mus</span> <span class='ocrx_word' id='word_1_329' title='bbox 411 4097 494 4146; x_wconf 90' lang='lat' dir='ltr'>Rhen.</span> <span class='ocrx_word' id='word_1_330' title='bbox 513 4113 571 4148; x_wconf 90' lang='lat' dir='ltr'>nov.</span> <span class='ocrx_word' id='word_1_331' title='bbox 587 4099 618 4147; x_wconf 93' lang='lat' dir='ltr'>X.</span> <span class='ocrx_word' id='word_1_332' title='bbox 630 4114 656 4163; x_wconf 92' lang='lat' dir='ltr'>p.</span> <span class='ocrx_word' id='word_1_333' title='bbox 673 4111 728 4164; x_wconf 85' lang='lat'>553.</span> <span class='ocrx_word' id='word_1_334' title='bbox 764 4098 950 4149; x_wconf 86' lang='lat' dir='ltr'>Friedlaenderi</span> <span class='ocrx_word' id='word_1_335' title='bbox 968 4099 1118 4164; x_wconf 84' lang='lat' dir='ltr'>sententiam</span> <span class='ocrx_word' id='word_1_336' title='bbox 1136 4105 1288 4164; x_wconf 86' lang='lat' dir='ltr'>acceperunt</span> <span class='ocrx_word' id='word_1_337' title='bbox 1306 4097 1419 4148; x_wconf 85' lang='lat' dir='ltr'>Bueche-</span> 
     </span>
     <span class='ocr_line' id='line_1_37' title="bbox 261 4178 1244 4247; baseline 0.001 -19"><span class='ocrx_word' id='word_1_338' title='bbox 261 4178 327 4228; x_wconf 88' lang='lat' dir='ltr'>lerus</span> <span class='ocrx_word' id='word_1_339' title='bbox 341 4179 395 4244; x_wconf 90' lang='lat' dir='ltr'>(ed.</span> <span class='ocrx_word' id='word_1_340' title='bbox 407 4186 463 4230; x_wconf 85' lang='lat' dir='ltr'>tert.</span> <span class='ocrx_word' id='word_1_341' title='bbox 474 4197 500 4246; x_wconf 88' lang='lat' dir='ltr'>p.</span> <span class='ocrx_word' id='word_1_342' title='bbox 513 4194 545 4244; x_wconf 85' lang='lat'>34</span> <span class='ocrx_word' id='word_1_343' title='bbox 557 4180 656 4246; x_wconf 88' lang='lat' dir='ltr'>adnot.)</span> <span class='ocrx_word' id='word_1_344' title='bbox 671 4188 697 4231; x_wconf 88' lang='lat' dir='ltr'>et</span> <span class='ocrx_word' id='word_1_345' title='bbox 708 4181 923 4245; x_wconf 88' lang='lat' dir='ltr'>Zangemeisterus</span> <span class='ocrx_word' id='word_1_346' title='bbox 938 4182 984 4246; x_wconf 88' lang='lat' dir='ltr'>(ad</span> <span class='ocrx_word' id='word_1_347' title='bbox 996 4182 1024 4232; x_wconf 87' lang='lat' dir='ltr'>C.</span> <span class='ocrx_word' id='word_1_348' title='bbox 1037 4183 1058 4232; x_wconf 90' lang='lat'>1.</span> <span class='ocrx_word' id='word_1_349' title='bbox 1071 4182 1100 4232; x_wconf 93' lang='lat' dir='ltr'>L.</span> <span class='ocrx_word' id='word_1_350' title='bbox 1113 4182 1158 4232; x_wconf 94' lang='lat' dir='ltr'>IV.</span> <span class='ocrx_word' id='word_1_351' title='bbox 1173 4182 1244 4247; x_wconf 85' lang='lat'>538).</span> 
     </span>
    </p>

    <p class='ocr_par' dir='ltr' id='par_1_8' title="bbox 302 4259 552 4326">
     <span class='ocr_line' id='line_1_38' title="bbox 302 4259 552 4326; baseline 0.012 -15"><span class='ocrx_word' id='word_1_352' title='bbox 302 4259 419 4312; x_wconf 78' lang='lat' dir='ltr'>⁵Adnot</span> <span class='ocrx_word' id='word_1_353' title='bbox 432 4264 465 4313; x_wconf 88' lang='lat' dir='ltr'>ad</span> <span class='ocrx_word' id='word_1_354' title='bbox 476 4279 498 4314; x_wconf 88' lang='lat' dir='ltr'>c.</span> <span class='ocrx_word' id='word_1_355' title='bbox 512 4277 552 4326; x_wconf 87' lang='lat'>29.</span> 
     </span>
    </p>

    <p class='ocr_par' dir='ltr' id='par_1_9' title="bbox 302 4342 714 4411">
     <span class='ocr_line' id='line_1_39' title="bbox 302 4342 714 4411; baseline 0.005 -17"><span class='ocrx_word' id='word_1_356' title='bbox 302 4342 393 4395; x_wconf 64' lang='lat' dir='ltr'>‘Mus</span> <span class='ocrx_word' id='word_1_357' title='bbox 407 4345 489 4396; x_wconf 90' lang='lat' dir='ltr'>Rhen.</span> <span class='ocrx_word' id='word_1_358' title='bbox 502 4363 559 4396; x_wconf 85' lang='lat' dir='ltr'>nov.</span> <span class='ocrx_word' id='word_1_359' title='bbox 572 4347 608 4395; x_wconf 87' lang='grc' dir='ltr'>ΙΙ,</span> <span class='ocrx_word' id='word_1_360' title='bbox 620 4362 646 4411; x_wconf 91' lang='lat' dir='ltr'>p.</span> <span class='ocrx_word' id='word_1_361' title='bbox 659 4356 714 4396; x_wconf 84' lang='lat'>220.</span> 
     </span>
    </p>

    <p class='ocr_par' dir='ltr' id='par_1_10' title="bbox 303 4425 1247 4495">
     <span class='ocr_line' id='line_1_40' title="bbox 303 4425 1247 4495; baseline 0.001 -18"><span class='ocrx_word' id='word_1_362' title='bbox 303 4425 363 4477; x_wconf 81' lang='lat' dir='ltr'>⁷Cs.</span> <span class='ocrx_word' id='word_1_363' title='bbox 375 4428 485 4492; x_wconf 85' lang='lat' dir='ltr'>Appian.</span> <span class='ocrx_word' id='word_1_364' title='bbox 497 4428 561 4478; x_wconf 87' lang='lat' dir='ltr'>Bell.</span> <span class='ocrx_word' id='word_1_365' title='bbox 575 4429 627 4478; x_wconf 89' lang='lat' dir='ltr'>Civ.</span> <span class='ocrx_word' id='word_1_366' title='bbox 640 4430 676 4479; x_wconf 88' lang='grc' dir='ltr'>ΙΙ.</span> <span class='ocrx_word' id='word_1_367' title='bbox 691 4429 798 4495; x_wconf 84' lang='lat'>115-16;</span> <span class='ocrx_word' id='word_1_368' title='bbox 821 4430 865 4480; x_wconf 90' lang='lat' dir='ltr'>IV.</span> <span class='ocrx_word' id='word_1_369' title='bbox 881 4441 922 4491; x_wconf 77' lang='lat'>193</span> <span class='ocrx_word' id='word_1_370' title='bbox 944 4428 1010 4478; x_wconf 89' lang='lat' dir='ltr'>Cass.</span> <span class='ocrx_word' id='word_1_371' title='bbox 1025 4428 1100 4478; x_wconf 89' lang='lat' dir='ltr'>Dion.</span> <span class='ocrx_word' id='word_1_372' title='bbox 1113 4429 1194 4478; x_wconf 89' lang='lat' dir='ltr'>LVII.</span> <span class='ocrx_word' id='word_1_373' title='bbox 1211 4442 1247 4480; x_wconf 90' lang='lat'>11.</span> 
     </span>
    </p>
   </div>
   <div class='ocr_carea' id='block_1_4' title="bbox 0 0 1661 5102">
    <p class='ocr_par' dir='ltr' id='par_1_11' title="bbox 0 0 1661 5102">
     <span class='ocr_line' id='line_1_41' title="bbox 0 0 1661 5102; baseline 0 0"><span class='ocrx_word' id='word_1_374' title='bbox 0 0 1661 5102; x_wconf 95' lang='lat' dir='ltr'> </span> 
     </span>
    </p>
   </div>
  </div>
 </body>
</html>
