3306 5102
205 609 248 674 34
651 589 697 654 H.
732 589 777 656 W.
802 589 919 673 Haley.

203 784 335 834 narraret
362 773 446 850 quasi
472 773 634 851 longinquo
662 772 767 832 itinere
797 771 995 848 conspecta.’¹
1039 773 1132 849 Quasi
1154 792 1226 834 vero
1254 773 1362 851 aliquis

203 881 265 932 tam
293 869 436 930 audacter
469 870 528 929 tale
562 879 736 945 tantumque
770 868 961 929 mendacium
993 868 1033 930 de
1059 887 1120 930 sua
1148 871 1222 932 urbe
1256 889 1358 931 coram

203 970 263 1030 suis
292 968 405 1028 civibus
434 967 556 1028 diceret.
597 969 637 1027 At
670 985 851 1045 quamquam
884 967 1063 1028 Trimalchio
1097 976 1129 1028 et
1162 968 1305 1045 superbus
1328 979 1360 1030 et

203 1068 307 1128 stultus
329 1067 416 1126 fuisse
436 1067 561 1140 videtur,
577 1076 678 1126 tamen
698 1085 759 1126 non
779 1066 834 1126 fuit
853 1066 981 1126 insanus.
1022 1065 1148 1126 Comtat
1168 1075 1267 1126 autem
1288 1085 1362 1128 eum

202 1184 265 1225 non
280 1165 417 1226 ‘Cumis'
432 1163 487 1224 sed
501 1163 576 1224 ‘hac
589 1163 621 1223 in
633 1164 768 1226 colonia’
783 1164 932 1226 dictumm
945 1164 1034 1224 fuisse
1045 1164 1070 1224 si
1082 1163 1196 1224 urbana
1207 1176 1347 1226 narraret
1405 1163 1406 1166 ’

244 1263 299 1322 Est
318 1272 419 1322 autem
443 1271 473 1322 et
496 1261 568 1320 alius
591 1261 673 1322 locus
700 1261 742 1339 (e.
768 1260 845 1340 53).:
870 1264 929 1322 ‘Et
948 1262 1037 1338 plane
1057 1263 1255 1339 interpellavit
1275 1264 1362 1324 salta

203 1359 292 1419 tionis
312 1358 466 1418 libidinem
487 1359 641 1432 actuarius,
663 1359 715 1435 qui
740 1368 882 1435 tanquam
901 1359 982 1420 urbis
1002 1369 1071 1420 acta
1093 1361 1245 1421 recitavit:
1268 1362 1360 1420 ‘VIL

202 1455 344 1517 kalendas
366 1457 502 1517 sextiles:
524 1457 556 1516 in
576 1456 700 1533 praedio
721 1457 866 1530 Cumano,
881 1456 964 1534 quod
978 1465 1024 1516 est
1043 1457 1280 1531 Trimalchionis,
1294 1459 1361 1518 nati

203 1564 271 1614 sunt
295 1554 379 1630 pueri
398 1556 503 1629 XXX„
528 1554 642 1631 puellae
664 1556 747 1628 XL.;
769 1555 884 1614 sublata
903 1555 935 1614 in
957 1554 1096 1615 horreum
1117 1573 1155 1614 ex
1177 1573 1247 1614 area
1268 1556 1360 1615 tritici

201 1652 295 1711 millia
308 1651 443 1712 modium
457 1652 639 1729 quingenta;
660 1652 752 1712 boves
770 1651 876 1711 domiti
896 1653 1068 1728 quingenti!
1111 1652 1180 1728 Quo
1194 1671 1232 1712 ex
1245 1653 1313 1712 loco
1328 1663 1362 1713 et

202 1749 402 1809 Buechelems
416 1758 447 1808 et
461 1751 666 1808 Mommsenus
679 1749 847 1808 convivium
859 1749 1085 1809 Trimalchionis
1099 1750 1131 1809 in
1149 1750 1274 1827 praedio
1295 1751 1362 1810 eius
1443 1817 1445 1821 ,

204 1847 339 1906 Cumano
363 1856 462 1905 actum
487 1864 551 1905 esse
578 1846 779 1906 coniecerunt.
831 1845 923 1921 Quod
950 1847 975 1905 si
1001 1865 1104 1905 verum
1132 1856 1185 1919 est,
1211 1848 1358 1906 sententia

204 1944 386 2003 Mommseni
399 1961 454 2021 pro
467 1962 538 2004 vera
551 1953 582 2004 et
596 1954 677 2003 certa
690 1943 865 2021 accipienda
880 1953 944 2018 est3
965 1962 1035 2003 nam
1055 1943 1137 2020 quod
1159 1945 1362 2005 Buechelems

203 2039 294 2100 dicit:
318 2041 504 2117 ‘Appellatio
524 2041 589 2117 ipsa
609 2041 726 2100 solitam
746 2041 933 2101 insolentiam
953 2041 1159 2100 Trimalcionis
1180 2042 1284 2118 arguit,
1306 2042 1357 2118 qui

202 2137 358 2216 praedium
379 2157 465 2198 suum
485 2156 503 2196 a
523 2138 684 2214 longinquo
705 2131 827 2214 oppido,
842 2156 904 2198 uon
925 2155 943 2196 a
962 2139 1131 2215 propinquo
1150 2140 1244 2199 voluit
1263 2138 1357 2198 deno-

203 2236 317 2309 minari,
332 2245 365 2295 ut
386 2236 499 2295 scilicet
512 2236 586 2295 fines
608 2235 682 2295 illius
703 2245 806 2312 patere
825 2253 919 2312 usque
942 2234 982 2294 ad
1003 2236 1112 2296 Cumas
1130 2233 1362 2310 crederentur‚’²

202 2351 306 2410 parum
335 2333 487 2409 probabile
516 2342 570 2393 est.
622 2333 745 2393 Domini
769 2334 858 2406 enirn,
879 2342 913 2392 ut
934 2343 1016 2392 recte
1041 2332 1113 2392 dicit
1141 2335 1357 2407 Mommsenus‚

202 2431 325 2490 nomina
345 2429 474 2506 praediis
496 2431 554 2490 suis
575 2430 695 2490 arbitrio
719 2449 773 2490 suo
798 2429 868 2490 dare
892 2448 955 2490 non
978 2429 1132 2504 solebant3
1160 2429 1215 2490 sed
1234 2431 1362 2507 praedira

202 2546 255 2588 sua
278 2527 420 2604 qnodque
444 2528 566 2587 nomiua
591 2528 631 2587 ab
658 2527 777 2603 oppidis
803 2527 851 2586 vel
878 2527 961 2603 pagis
988 2527 1020 2588 in
1047 2527 1153 2603 quibus
1181 2527 1237 2588 sita
1264 2538 1360 2602 erant,

202 2625 367 2685 trahebant.
410 2625 500 2686 Cuius
514 2625 557 2683 rei
571 2626 651 2700 apud
665 2625 843 2685 Ciceronem
857 2633 991 2684 sescenta
1011 2625 1151 2701 exempla
1168 2636 1246 2685 sunt.
1287 2624 1360 2699 Sed,

201 2723 259 2782 uisi
273 2722 407 2796 fallimur,
422 2739 548 2798 eaquae
567 2723 712 2782 actuarius
727 2722 861 2781 recitavit
874 2741 935 2781 non
948 2722 989 2782 ad
1009 2721 1133 2782 domum
1153 2723 1186 2782 in
1205 2741 1265 2799 qua
1284 2740 1356 2782 con·

202 2821 312 2879 rivium
333 2821 476 2897 agebatur
496 2820 551 2879 sed
571 2820 611 2880 ad
630 2821 791 2897 longinqua
811 2819 934 2896 praedia
957 2821 1170 2898 pertinuerunt.
1223 2822 1302 2879 Nam
1326 2829 1361 2880 et

139 2901 142 2911 ¹
202 2917 378 2993 ‘praedium
394 2918 578 2977 Cumanum'
593 2926 623 2976 et
644 2918 762 2977 ‘hortos
784 2919 1000 2993 Pompeianos'
1014 2919 1268 2991 commemoravit,
1280 2917 1356 2976 scili·

202 3025 252 3074 cet
264 3025 298 3075 ut
311 3015 493 3074 Trimalchio
507 3015 656 3074 videretur
668 3034 729 3074 non
742 3015 837 3074 solum
853 3015 885 3075 in
905 3034 957 3074 sua
971 3015 1050 3076 urbe
1071 3014 1126 3074 sed
1146 3015 1237 3074 etiam
1254 3015 1361 3076 Cumis

202 3122 234 3172 et
248 3114 397 3189 Pompeiis
422 3111 528 3172 fundos
550 3112 670 3172 habere.
711 3112 798 3172 Adde
819 3111 901 3189 quod
926 3110 1052 3173 domus⁸
1074 3111 1301 3171 Trimalchionis
1325 3112 1361 3171 in

202 3211 275 3270 urbe
293 3210 340 3270 vel
363 3221 443 3270 certe
464 3210 602 3296 proxima
619 3211 658 3270 ab
680 3210 753 3270 urbe
774 3211 827 3269 luit
837 3231 846 3284 ;
869 3210 951 3286 quod
972 3229 1009 3269 ex
1030 3228 1058 3269 c.
1082 3212 1118 3286 78
1141 3210 1209 3269 satis
1230 3218 1355 3268 constat

202 3307 262 3368 Sed
276 3308 432 3385 praedium
446 3310 615 3369 Cumanum
628 3309 686 3368 ruri
699 3308 814 3384 longius
835 3309 873 3368 ab
894 3310 966 3367 urbe
980 3308 1068 3367 luisse
1082 3307 1167 3367 facile
1181 3307 1360 3384 suspiceris;

203 3415 286 3465 erant
300 3406 379 3465 enim
394 3407 425 3465 in
439 3425 476 3466 eo
491 3406 597 3465 ‘tritici
611 3407 690 3465 milia
711 3405 844 3465 modium
865 3407 1044 3482 quingenta'
1066 3405 1097 3463 in
1117 3405 1223 3465 horreo
1245 3414 1275 3464 et
1288 3422 1361 3462 area

203 3512 233 3562 et
251 3503 405 3580 quingenti
426 3504 526 3563 boves.
568 3505 640 3563 Hoc
669 3512 769 3562 tamen
793 3504 938 3562 incertum
961 3521 1025 3563 esse
1053 3502 1255 3562 concedimus.
1297 3500 1357 3561 Sed

203 3619 309 3660 cenam
333 3599 559 3660 Trimalchionis
583 3601 614 3660 in
637 3600 761 3678 praedio
786 3601 922 3661 Cumano
945 3611 1042 3660 actam
1070 3618 1134 3659 esse
1162 3597 1361 3658 demonstrari

201 3717 264 3757 non
277 3707 385 3774 potest,
400 3698 494 3757 immo
507 3699 556 3757 vix
569 3698 712 3757 credibile
725 3697 850 3757 videtur.

243 3905 294 3956 1C.
314 3907 335 3956 1.
357 3907 386 3956 1.
406 3907 439 3956 Χ.
462 3919 483 3966 1,
503 3921 528 3972 p.
550 3918 609 3972 3513
634 3906 665 3956 ci.
688 3907 797 3956 Hermes
816 3907 892 3956 XIII.
911 3923 936 3972 p.
957 3918 1017 3969 1142
1039 3905 1090 3956 ‘Es
1107 3905 1180 3955 wirkt
1200 3920 1246 3955 nur
1266 3919 1361 3955 um-so

201 3988 353 4048 komischer,
365 4003 440 4037 wenn
452 4005 479 4038 er
489 3989 516 4037 in
532 3989 627 4038 Cumae
644 3988 721 4037 selbst
737 3989 868 4048 berichtet,
880 3989 927 4038 wie
945 4005 971 4038 er
983 3989 1024 4039 die
1042 3988 1202 4038 cumanische
1220 3987 1312 4050 Sibylle
1330 3987 1358 4038 in

202 4072 272 4120 einer
287 4071 410 4121 Bouteille
428 4072 493 4120 habe
511 4072 588 4120 sitzen
605 4071 684 4120 sehen
701 4073 753 4120 und
770 4072 815 4121 mit
833 4073 883 4122 den
900 4071 1014 4136 Bengeln
1031 4071 1077 4120 auf
1091 4071 1247 4133 der-Strasse
1265 4071 1359 4121 Unter-

201 4154 308 4218 haltnng
319 4155 409 4204 iiihren
420 4155 516 4204 huten!

243 4236 254 4270 ²
267 4237 346 4287 Praei.
359 4239 392 4287 ad
403 4238 443 4287 ed.
456 4237 543 4287 maior.
555 4252 580 4301 p.
592 4236 666 4286 VIII.

243 4317 303 4370 'Ch
321 4335 343 4370 c.
363 4332 403 4385 77,
421 4319 464 4369 ubi
480 4319 633 4369 Trimalchio
651 4319 684 4368 de
709 4319 785 4369 domo
806 4334 850 4368 sua
868 4319 952 4378 iactat,
971 4317 1033 4368 nihil
1051 4320 1084 4368 de
1101 4318 1206 4383 praedio
1225 4317 1360 4368 adiacente

202 4401 298 4452 dicens.
